3175 5250
524 450 672 514 xvffi
1300 416 1968 517 rudissima-

505 637 745 713 culam
782 636 1191 734 spectabat.
1289 637 1379 709 In
1444 634 1750 713 Nemeis
1813 649 1893 713 et
1947 639 2278 716 lstbmiis
2334 646 2710 742 scriptum

505 750 783 825 librum
808 749 1119 822 omnino
1143 748 1439 822 nullum
1498 747 1761 824 babuit
1821 748 2298 840 Schmidius;
2351 755 2482 829 sed
2511 767 2585 828 et
2608 757 2688 828 in

509 859 885 958 Olympiis
906 868 981 933 et
1014 854 1302 955 Pythiis
1368 880 1607 957 pauca
1652 860 1832 949 vidi,
1870 884 2044 959 quae
2069 889 2113 937 e
2170 865 2389 939 codd.
2423 868 2697 953 melius

502 971 893 1047 constituta
956 980 1201 1045 esseut
1240 995 1288 1049 a
1350 971 1743 1045 Schmidio
1789 983 1918 1046 aut
1963 974 2312 1048 constitui
2368 984 2688 1073 possent.

504 1080 848 1156 Tandem
901 1106 1135 1156 novos
1200 1082 1497 1157 codices
1556 1084 1918 1159 adhibere
1983 1085 2201 1159 licuit
2276 1086 2690 1160 editoribus

505 1194 1086 1270 oxoniensibus.
1172 1195 1668 1293 Apponemus
1692 1220 1800 1285 ea,
1838 1219 2011 1296 quae
2070 1197 2167 1272 de
2218 1199 2370 1273 illis
2403 1182 2686 1297 μεθῶ]

504 1306 643 1403 ipsi
677 1308 1249 1382 observavimus,

610 1418 799 1492 Sunt
822 1420 1050 1515 igitur
1099 1420 1154 1492 ii
1209 1442 1518 1494 numero
1555 1422 1918 1520 quinque,
1946 1421 2183 1518 signis
2221 1404 2377 1494 suis
2428 1423 2684 1509 notati,
2746 1500 2752 1505 ,

505 1554 687 1631 quas
746 1544 821 1609 et
877 1535 1018 1633 ipsi
1078 1538 1566 1613 servavimus:
1626 1536 1786 1610 Ms.
1855 1534 2339 1624 Bodleianus‘,
2398 1534 2490 1612 Ο.
2551 1541 2677 1610 ⁷1.

500 1646 668 1723 Με.
704 1647 909 1723 Guil.
940 1647 1200 1735 Laudi,
1254 1672 1481 1748 quem
1512 1649 1950 1747 simpliciter
1998 1648 2221 1722 Bodl.
2253 1648 2348 1723 C.
2385 1648 2687 1722 laudare

496 1761 843 1849 solemus5
867 1772 1028 1835 tum
1062 1763 1295 1835 notati
1329 1791 1402 1834 α.
1429 1764 1652 1837 etiam
1677 1760 1912 1834 Laudi
1953 1761 2111 1858 (qui
2141 1760 2390 1855 etipse
2423 1759 2643 1832 Bodl.
2650 1758 2685 1854 )

501 1873 578 1959 β.
614 1903 690 1967 γ.
764 1873 905 1970 (est
971 1873 1477 1946 Barocciauus
1508 1872 1667 1968 6¹7).
1753 1872 2112 1970 Olympia
2167 1890 2427 1947 omnes
2476 1890 2682 1945 com-

495 1984 940 2083 plectuntur,
964 1991 1041 2053 at
1062 1980 1327 2077 Pythia
1350 1983 1603 2057 nullus
1625 1993 1891 2081 praeter
1926 1982 2021 2057 C.
2057 1991 2224 2076 θῖγ.
2253 1990 2328 2053 θῖ
2350 1966 2479 2055 me
2513 1981 2676 2078 qui-

497 2094 726 2169 dem
705 2117 787 2165 m
854 2091 1075 2195 Pyth.
1110 2106 1374 2221 quarta
1400 2094 1689 2172 videtur
1745 2095 2090 2182 deficere,
2148 2095 2274 2168 hic
2327 2102 2573 2167 autem
2604 2122 2680 2186 γ

501 2228 734 2302 usque
766 2204 863 2277 ad
900 2202 1124 2278 Nem.
1178 2206 1287 2281 iii.
1324 2206 1749 2305 proceda-e.
1847 2207 2150 2280 Tertius
2169 2206 2296 2280 hic
2350 2207 2522 2279 satis
2551 2206 2685 2279 bo·-

499 2341 641 2393 nus
672 2316 909 2391 codex
946 2326 1076 2403 θεῖ,
1109 2318 1287 2391 etin
1317 2316 1605 2416 pythiis
1635 2318 1786 2395 sere
1818 2327 1994 2392 cum
2045 2317 2247 2391 Aldo
2274 2318 2680 2403 consentit;

498 2430 630 2504 sed
659 2430 927 2528 reliqui
959 2429 1090 2503 vix
1128 2428 1340 2527 digni
1369 2441 1605 2517 erant,
1643 2432 1722 2504 in
1757 2452 2080 2530 quorum
2131 2430 2474 2504 varietate
2506 2451 2680 2502 euo-

497 2543 719 2619 tanda
771 2544 909 2617 viri
952 2542 1158 2617 docti
1207 2552 1486 2621 tantam
1537 2544 1977 2640 religionem
2015 2551 2471 2642 praestarent,
2504 2562 2682 2616 cum

499 2683 589 2733 ca
611 2658 1081 2734 librariorum
1117 2658 1269 2733 fere
1302 2662 1594 2756 stupori
1626 2669 1755 2734 aut
1778 2657 2025 2733 studio
2053 2659 2355 2736 sinistro
2411 2657 2684 2732 dialec-

501 2781 663 2846 tum
686 2773 781 2846 ad
809 2773 1195 2870 vulgarem
1230 2795 1652 2872 sermonem
1687 2769 2082 2844 revocandi
2107 2767 2489 2846 debeatur.

603 2882 807 2960 Cum
832 2885 1056 2959 semel
1081 2884 1245 2959 baee
1270 2884 1782 2959 animadversa
1829 2907 1876 2956 a
1924 2904 2046 2955 me
2097 2890 2370 2967 essent,
2420 2877 2683 2952 utebar

499 2998 712 3073 iisad
738 3001 1008 3075 melius
1063 3000 1552 3076 ordinandam
1612 3009 1687 3073 et
1742 2996 2288 3097 disponendam
2346 2994 2686 3068 lectionis

416 3158 431 3173 κ
501 3114 962 3189 varietatem:
1013 3125 1404 3188 contentus
1428 3114 1572 3188 hoc
1595 3134 1772 3199 uno,
1808 3109 2016 3209 quod
2047 3133 2094 3183 α
2126 3106 2499 3205 principio
2524 3128 2688 3204 pro-

499 3228 829 3319 positum
862 3237 1039 3312 erat,
1083 3236 1169 3298 ut
1217 3228 1710 3313 transferrem,
1745 3249 1922 3325 quae
1959 3222 2415 3297 Oxoniensis
2474 3220 2687 3296 editi-

500 3339 666 3412 onis
686 3347 929 3412 essent
952 3341 1191 3436 copiae
1250 3342 1555 3415 criticae.
1648 3339 1935 3413 Aldum
1981 3336 2328 3434 inprimis
2371 3333 2687 3426 diligen-

468 3449 653 3523 ·tius
670 3449 1211 3547 comparabam,
1234 3476 1410 3524 cum
1437 3475 1611 3525 eum
1642 3451 2007 3526 anemine
2045 3446 2372 3521 viderem
2397 3442 2684 3517 curiose

500 3559 674 3634 satis
704 3562 783 3635 in
817 3570 1056 3659 partes
1087 3573 1449 3637 vocatum.
1554 3562 1756 3638 Cum
1789 3574 2033 3642 tamen
2089 3558 2314 3631 variae
2343 3554 2688 3630 lectionis

500 3671 859 3768 majorem
893 3683 1176 3771 partem
1210 3675 1581 3783 adinanes
1630 3678 2070 3802 quisquilias
2129 3681 2205 3746 et
2259 3670 2575 3770 mepnoe
2600 3669 2688 3740 11

500 3785 924 3860 bran-iorum
964 3785 1436 3863 indoctorum
1489 3801 1622 3864 aut
1684 3787 2362 3888 grammaticorum,
2421 3781 2688 3856 dialec-

503 3904 663 3969 tum
728 3910 967 3996 poetae
1018 3898 1111 3973 ad
1167 3893 1551 3999 vulgarem
1621 3924 2042 3978 sermonem
2108 3893 2684 3974 deflectentium,

499 4006 744 4081 redire
767 4011 1312 4103 intellexissem,
1350 4015 1552 4091 unde
1584 4015 1868 4089 fruetus
1889 4012 2161 4109 aliquis
2211 4031 2350 4082 nec
2391 4003 2484 4078 ad
2513 4002 2687 4074 Pin·

502 4118 765 4200 darum
801 4126 1059 4200 neead
1084 4151 1206 4201 me
1230 4127 1686 4226 perveniret:
1740 4124 1990 4211 taedio,
2038 4121 2243 4219 quod
2299 4143 2396 4192 ex
2441 4121 2688 4188 enota-

388 4305 393 4312 ,
502 4231 705 4303 tione
730 4233 1138 4329 capiebam,
1160 4263 1256 4313 ne
1286 4261 1654 4324 enecarer,
1716 4231 2324 4334 quandoquidem
2374 4251 2484 4313 ea,
2514 4246 2689 4322 quae

492 4332 655 4440 jam
680 4342 1037 4418 exhausta
1068 4359 1295 4437 erant,
1350 4358 1681 4445 gustum
1705 4347 1882 4422 dare
1932 4353 2289 4442 poterant,
2328 4343 2688 4437 quantum

502 4458 911 4547 nausearet,
944 4461 1307 4536 varietatis
1339 4461 1704 4550 lectionis,
1730 4482 1953 4559 quam
1982 4452 2295 4538 codices,
2347 4442 2693 4544 inprimis
