3175 5250
1213 340 1830 412 PRAEFArlo.
2443 329 2459 359 '
2567 320 2638 413 '11

462 555 615 631 gra,
664 528 870 629 quod
914 530 1161 603 virum
1203 526 1712 602 doctissimum
1767 529 1861 602 ad
1917 531 2112 603 bene
2160 529 2259 604 de
2317 530 2650 609 Pindaro

465 643 903 720 merendum
924 642 1266 717 excitavi.
1969 628 1979 639 ”

561 756 761 839 Quae
784 778 965 833 cum
991 757 1094 829 ita
1116 761 1361 827 essent
1381 753 1800 841 constituta,
1821 753 2155 827 continui
2184 777 2307 829 me
2341 756 2422 828 in
2456 779 2644 854 prm-

458 869 755 966 scripto,
781 875 857 940 et
876 866 1253 952 omnibus,
1278 887 1453 962 quae
1472 864 1569 938 de
1594 889 1676 939 re
1699 864 2004 938 metrica
2019 872 2149 938 aut
2165 866 2418 941 critica
2441 890 2642 941 eram

457 981 557 1054 ad
591 990 831 1077 poetoe
852 979 1133 1053 calcem
1158 976 1608 1072 adjecturus,
1641 975 1967 1070 abjectis,
1992 1001 2088 1051 ne
2119 979 2490 1053 turbarem
2513 980 2644 1053 ali-

460 1092 647 1191 quid
679 1102 806 1165 aut
826 1092 1081 1188 aliqua
1101 1090 1179 1162 in
1207 1111 1285 1161 re
1313 1089 1664 1190 molestus
1685 1111 1948 1176 essem,
1976 1091 2267 1185 perrexi
2287 1090 2386 1165 ad
2413 1090 2642 1166 Scho-

455 1205 557 1279 lia
578 1202 1073 1279 emendanda,
1162 1201 1502 1275 Latinam
1532 1202 1738 1277 enim
1768 1200 2178 1275 versionem
2209 1203 2381 1276 satis
2411 1203 2643 1279 habui
2723 1191 2754 1207 ²

337 1328 342 1333 ’
466 1317 830 1412 corrigere
856 1318 939 1390 in
964 1316 1079 1401 iis,
1116 1336 1290 1410 quae
1316 1311 1693 1386 manifeste
1717 1337 1764 1385 a
1787 1334 1962 1386 vera
1987 1314 2268 1387 ratione
2299 1314 2642 1390 abhorre-

466 1436 657 1501 rent.
713 1426 1035 1503 Scboliis
1048 1423 1553 1499 exscribendis
1583 1424 1852 1499 tradidi
1887 1428 2270 1523 exemplar
2299 1426 2642 1503 editionis

471 1537 788 1613 Beckii:
840 1538 1103 1611 sustuli
1134 1538 1307 1612 vitia
1328 1560 1501 1611 cum
1533 1536 2002 1612 librariorum
2028 1548 2186 1611 tum
2223 1563 2640 1637 operarum,

472 1648 843 1747 quantum
876 1650 1036 1723 fieri
1071 1651 1348 1745 potuit;
1402 1640 1739 1721 adhibito
1775 1647 2486 1745 Cod.Gottingensi,
2506 1654 2645 1727 sal-

466 1772 614 1836 tem
648 1762 733 1834 in
766 1762 949 1835 locis
979 1762 1361 1858 suspectis,
1397 1769 1472 1834 et
1501 1784 1599 1835 ex
1632 1782 1745 1848 e0,
1771 1782 1901 1833 seu
1933 1761 2205 1835 criticis
2227 1760 2321 1835 de
2347 1764 2650 1851 caussis,

458 1874 749 1949 correxi
803 1874 1173 1969 plurima:
1244 1874 1326 1949 in
1374 1872 1517 1947 boc
1560 1883 1814 1947 tamen
1862 1895 2113 1946 rerum
2169 1897 2439 1970 genere
2487 1897 2647 1951 rem

462 1985 811 2061 inutilem
844 2008 1001 2059 esse
1034 1985 1316 2059 credidi
1352 1985 1447 2059 de
1482 1985 1766 2081 quavis,
1793 1985 1909 2057 vel
1942 1983 2333 2072 levissima,
2368 2009 2651 2062 correo-

308 2166 327 2185 ,
466 2096 671 2169 tione
700 2120 1026 2184 monere,
1058 2106 1189 2170 aut
1220 2096 1645 2169 varietatem
1675 2095 2011 2169 lectionis
2035 2095 2476 2193 adscribere,
2513 2101 2645 2174 ubi

468 2206 959 2306 discrepantia
987 2208 1083 2281 ad
1122 2208 1367 2305 ipsum
1400 2215 1694 2303 poetam
1719 2228 1871 2277 non
1895 2204 2232 2291 faciebat,
2257 2210 2650 2286 nec-alium

467 2317 789 2415 fructum
820 2319 1083 2393 afferre
1110 2326 1415 2417 poterat.
1494 2316 1672 2390 Alio
1705 2317 1908 2390 enim
1940 2316 2105 2395 loco
2138 2316 2521 2399 habendus
2543 2332 2653 2396 est

463 2440 720 2504 auctor
749 2430 1129 2518 classicus,
1156 2429 1307 2503 alio
1330 2427 1892 2525 grammaticus:
1943 2429 2079 2503 etsi
2115 2429 2197 2503 in
2219 2454 2354 2505 suo
2386 2431 2651 2509 ordine

466 2542 660 2617 inter
696 2545 1339 2642 praestantissimos
1386 2540 1802 2615 habendus,
1910 2540 2230 2617 Possunt
2274 2552 2521 2618 tamen
2571 2547 2654 2621 in

467 2679 560 2729 eo
613 2657 875 2730 codice
928 2656 1175 2730 adhuc
1222 2658 1467 2738 latere,
1514 2678 1690 2751 quae
1749 2676 1867 2728 me
1915 2653 2317 2751 fugerunt}
2367 2665 2448 2731 et
2491 2657 2660 2754 dig..

467 2791 611 2842 nus
639 2769 766 2842 ille
797 2768 1031 2844 videri
1070 2768 1312 2855 debet,
1350 2790 1577 2864 quem
1612 2766 1896 2864 aliquis
1925 2775 2142 2842 aetate
2180 2768 2443 2862 junior
2473 2771 2660 2844 inte-

470 2904 693 2975 grum
734 2889 1161 2978 comparet:
1212 2887 1392 2954 sunt
1432 2880 1637 2953 enim
1693 2878 1994 2952 Scholia
2029 2880 2388 2976 ampliora
2437 2880 2660 2955 inter-

398 3071 408 3078 ,
479 2988 684 3077 dum,
713 3015 853 3080 nec
874 2991 1085 3066 omni
1122 2993 1318 3068 bona
1340 2990 1559 3086 fruge
1589 3012 1844 3062 vacua.
1921 2987 2234 3062 Codicis
2257 2987 2654 3084 descriptio
2730 3071 2749 3096 ο

488 3100 678 3172 infra
708 3101 1023 3186 dabitur.

584 3211 1022 3309 Fragmenta
1075 3213 1378 3290 Pindari
1415 3210 1890 3311 mihimagis
1932 3211 2139 3288 cordi
2186 3222 2382 3302 sunt,
2425 3238 2655 3312 quam

476 3323 660 3398 forte
688 3326 857 3400 aliis
888 3326 1267 3401 videbitur
1294 3327 1788 3404 necessarium
1842 3349 2022 3400 esse.
2127 3324 2294 3422 Ego
2344 3348 2518 3401 vero
2560 3329 2660 3402 ita
2807 3393 2812 3400 .

468 3462 763 3528 censeo,
830 3463 1106 3539 magno
1172 3466 1309 3515 nos
1365 3443 1730 3518 beneficio
1792 3442 2250 3537 obstringere
2315 3464 2462 3528 eos,
2526 3443 2657 3540 qui

468 3554 924 3652 scriptorum
971 3555 1508 3655 antiquiorum,
1564 3579 1898 3655 quorum
1957 3554 2310 3654 pleraque
2367 3557 2708 3630 interie-'

468 3675 679 3754 runt,
722 3690 997 3742 omnes
1026 3669 1404 3766 reliquias,
1443 3691 1620 3765 quae
1670 3668 1980 3767 quidem
2013 3667 2319 3764 reperiri
2356 3667 2661 3762 possint,

466 3779 985 3876 conquirunt3
1062 3783 1465 3856 multarum
1513 3781 1718 3856 enim
1777 3802 2026 3855 rerum
2082 3776 2668 3871 origines‚fanti-

460 3890 923 3987 quissimam
962 3891 1282 3970 aliarum
1307 3892 1839 3980 auctoritatem,
1877 3889 2115 3966 multa
2162 3886 2667 3983 exquisitioris

462 4002 940 4093 litteraturae,
972 4006 1052 4081 in
1087 4007 1181 4081 iis
1206 4029 1594 4084 occurrere
1624 4004 1795 4080 novi
1832 4035 1852 4091 ;
1905 3998 2251 4076 illustrari
2277 3998 2444 4088 alia,
2471 4010 2550 4074 et
2570 4022 2669 4072 ex

470 4112 575 4186 iis
604 4114 923 4214 digestis
951 4128 1029 4192 et
1060 4119 1442 4194 illustratis
1475 4118 1711 4192 multa
1739 4114 2210 4212 scriptorum
2229 4112 2393 4187 loca
2420 4112 2671 4185 lucem

462 4230 859 4324 foeuerari.
986 4223 1427 4333 Lyricorum
1492 4242 1743 4308 autem
1811 4230 2221 4325 fragmenta
2257 4250 2377 4302 ex
2433 4234 2678 4317 strage
