3175 5250
608 452 807 523 xariii
1380 451 2050 520 PRAEFATIO..

593 656 832 713 rundam
860 654 1330 728 interpretationis
1359 650 1600 713 locorum
1629 661 1685 713 et
1702 658 2004 717 accessione
2024 655 2319 730 lyricorum
2348 662 2654 721 car-mium
2676 660 2759 721 lo-

592 751 878 824 cupletata
897 766 950 804 a.
982 744 1152 831 1566.
1181 745 1313 803 ead.
1334 744 1378 804 f.
1411 744 1676 822 (Paria).
1721 747 1876 809 Quas
1915 754 2063 806 tom.
2087 748 2150 808 ii.
2177 766 2236 824 p.
2270 750 2571 809 433-468.
2593 753 2755 827 (non

596 842 769 911 566.)
796 835 1067 910 subjecta
1093 846 1252 904 sunt,
1276 837 1338 893 in
1367 839 1480 896 hac
1507 840 1771 914 primum
1801 840 1943 898 edit.
1966 851 2367 904 accesserunt.

673 931 801 993 Ed.
824 935 905 992 iii.
930 952 1051 991 cum
1072 933 1146 990 Is.
1176 933 1485 991 Casauboni
1503 935 1728 1002 notulis,
1767 935 1940 992 1586.
1966 952 2113 1011 quas
2139 937 2321 996 miror
2348 938 2411 996 in
2429 955 2595 1013 seqq.
2625 936 2757 996 edd.

592 1046 719 1091 nou
747 1047 875 1086 esse
925 1029 1225 1106 repetitas.
1311 1029 1598 1088 Eminere
1621 1047 1752 1089 eam
1782 1031 1942 1089 inter
1965 1029 2406 1106 Stephanianas
2433 1034 2522 1092 ait
2546 1031 2755 1090 Gotth.

586 1121 844 1181 Fridem.
872 1121 1091 1180 Loeber
1113 1123 1176 1179 in
1205 1120 1415 1180 Exere.
1443 1124 1572 1180 crit.
1629 1123 1690 1180 in
1746 1121 1993 1181 Pindari
2020 1122 2263 1200 Olymp.
2290 1124 2466 1182 Oden
2494 1124 2580 1184 xi.
2611 1123 2651 1179 J
2655 1139 2752 1180 en.

591 1218 771 1279 1743.
797 1217 899 1275 sed
930 1224 1021 1273 est
1051 1216 1153 1273 illa
1174 1215 1248 1273 ad
1276 1217 1527 1299 vjerbum
1549 1232 1829 1290 expressa
1856 1233 1931 1273 ex
1955 1215 2099 1273 edit.
2131 1217 2190 1274 2.

670 1308 794 1369 Ed.
821 1313 874 1366 iv
917 1340 1000 1353 -—
1030 1306 1365 1371 Excudebat
1387 1306 1941 1383 PaulusStephanus
1959 1327 2015 1367 α.
2050 1308 2221 1366 1600.
2241 1306 2454 1367 iisdem
2466 1306 2753 1367 foliorum

584 1403 854 1462 numeris
881 1404 1162 1478 expressa
1186 1409 1277 1459 est
1304 1421 1378 1459 ex
1401 1401 1688 1459 secunda.
1768 1399 1983 1458 Habeo
2013 1402 2079 1458 in
2121 1401 2405 1458 manibus
2434 1401 2608 1457 aliam
2633 1397 2758 1459 Ed.

581 1503 657 1559 iv.
681 1501 949 1575 Lugduni
974 1499 1127 1573 apud
1151 1498 1323 1557 Joun.
1357 1498 1674 1558 Pillehotte
1700 1498 1800 1555 sub
1826 1499 1982 1570 signo
2007 1498 2241 1567 nominis
2259 1495 2398 1553 Jeeu
2431 1495 2604 1554 1598.
2628 1497 2759 1553 ead·

567 1608 784 1685 forma.
816 1613 877 1662 et
936 1604 1051 1661 sub
1076 1603 1156 1676 ⁸1³.
1197 1604 1463 1677 Lugduni
1520 1621 1585 1660 ex
1617 1604 1982 1679 typographio
2023 1601 2262 1659 Joannir
2285 1600 2548 1669 Hannrd,
2605 1601 2749 1660 alias

578 1702 770 1761 Jamet
799 1719 854 1758 a.
907 1699 1081 1759 1589.
1109 1714 1184 1754 ex
1208 1695 1371 1754 Edit.
1399 1696 1689 1772 Stephan.
1716 1698 1805 1755 iii.
1852 1695 1927 1753 ad
1954 1697 2208 1754 verbum
2235 1710 2602 1769 expressam,
2630 1694 2751 1753 nisi

580 1794 741 1872 quod
765 1792 838 1852 ad
866 1792 1088 1849 calcem
1116 1788 1391 1864 Epistola
1418 1790 1694 1865 Sapphus
1720 1788 2025 1846 Ovidiana
2042 1789 2264 1846 omissa
2286 1793 2397 1845 est.

659 1921 742 1934 -
762 1886 791 1939 κ
811 1889 851 1943 d
894 1905 946 1943 v.
977 1886 1143 1941 Oliva
1173 1884 1367 1938 Paulli
1399 1883 1667 1956 Stephani
1700 1881 1875 1937 1612.
1902 1898 2067 1938 mera
2092 1890 2183 1939 est
2210 1882 2484 1955 repetitio
2510 1882 2745 1943 Editio-

577 1984 673 2039 nis
700 1987 947 2054 quartae,
971 1977 1071 2034 sed
1095 1975 1429 2031 charactere
1443 1982 1504 2032 et
1524 1973 1730 2030 charta
1746 1971 2054 2042 deteriore,
2078 1976 2171 2033 uti
2196 1981 2261 2033 et
2280 1975 2463 2032 altera
2488 1980 2744 2051 repetitio

579 2076 760 2134 1626.
791 2082 852 2129 et

657 2162 864 2223 Editio
887 2165 961 2220 vi.
993 2159 1294 2220 Ebroduni
1322 2179 1397 2219 ex
1438 2159 1751 2219 Societatie
1792 2157 2035 2218 Helvet.
2080 2159 2250 2220 eald.
2314 2161 2488 2223 1624.
2547 2150 2743 2225 A'liam

580 2259 780 2322 Paulli
811 2257 1102 2333 Stephani
1132 2274 1191 2314 v.
1219 2256 1330 2316 inf.
1357 2254 1430 2313 ad
1455 2274 1509 2312 a.
1543 2255 1721 2314 1599.
1978 2280 1984 2287 ·

654 2352 1049 2426 Stephanum,
1079 2366 1215 2407 cum
1247 2349 1504 2425 primum
1548 2347 1876 2406 Pindarum
1918 2347 2333 2407 excudendum
2376 2351 2562 2423 daret,
2601 2353 2740 2414 Μο-

568 2445 889 2504 rellianum
931 2443 1235 2516 exemplar
1260 2442 1454 2517 operis
1481 2441 1792 2500 tradidisse
1818 2441 2028 2499 multis
2054 2441 2207 2511 loeis⁴
2229 2445 2617 2504 manifestum
2645 2448 2735 2517 fit,

572 2559 633 2598 v.
663 2561 714 2599 c.
771 2539 869 2595 01.
926 2538 988 2596 ii.
1035 2536 1131 2596 78.
1179 2537 1310 2593 122.
1353 2536 1482 2592 viii.
1523 2535 1628 2592 50.
1665 2537 1745 2593 ix.
1785 2535 1885 2593 39.
1931 2534 2029 2593 98.
2110 2533 2228 2592 Sed
2294 2548 2739 2614 comparaverat

528 2645 531 2648 ’
560 2637 662 2694 vir
686 2634 896 2692 doctus
920 2631 1157 2690 Scholia
1183 2639 1244 2689 ει
1271 2630 1364 2689 ed.
1403 2630 1885 2698 Cratandrinam,
1914 2647 2095 2705 quam
2125 2642 2414 2707 sequutus
2442 2643 2552 2704 est,
2582 2655 2735 2695 non-

565 2745 876 2803 nunquam
905 2727 1109 2793 etiam,
1136 2725 1242 2781 ubi
1270 2723 1532 2783 deserere
1572 2741 1707 2782 eam
1735 2722 2011 2791 debebat,
2037 2741 2097 2783 v.
2138 2742 2189 2783 c.
2220 2724 2322 2784 01.
2350 2727 2414 2786 ii.
2440 2728 2543 2788 56.
2595 2729 2727 2788 No-

558 2841 705 2902 vum
735 2828 1123 2879 correctorem
1152 2827 1326 2876 nacta
1351 2826 1442 2874 est
1473 2817 1679 2885 altera,
1720 2818 1828 2892 qui
1866 2816 2165 2875 nonnullo
2205 2820 2426 2900 menda
2465 2819 2728 2892 sustulit,

562 2916 683 2974 alia
708 2914 889 2973 etiam
917 2912 1283 2989 depravavit.
1350 2909 1506 2968 Eam
1529 2917 1734 2968 tamen
1758 2919 2177 2985 expresserunt
2197 2910 2611 2987 Stephanianae
2635 2932 2728 2972 re·

552 3009 739 3086 liquae
767 3024 999 3068 omnes.

632 3132 718 3146 --
734 3119 825 3174 gr.
860 3103 960 3158 lot.
985 3095 1343 3173 Antwerpioe
1371 3107 1437 3152 su
1462 3096 1685 3172 officina
1707 3096 1933 3171 Chrphz
1954 3095 2242 3156 Plautini.
2277 3096 2454 3161 1567.
2483 3098 2542 3158 8.
2563 3099 2714 3159 min.

636 3193 726 3250 Ad
757 3194 1006 3251 verbum
1042 3210 1117 3248 ex
1145 3189 1432 3260 Stephan.
1463 3191 1655 3263 prima
1679 3197 1770 3246 est
1797 3188 2044 3247 reddita.

639 3315 723 3327 —
749 3303 917 3358 opera
957 3284 1143 3338 omnia
1184 3280 1361 3335 latino
1401 3284 1644 3338 carmine
1682 3283 1905 3338 reddita
1939 3301 2045 3357 per
2084 3283 2225 3343 Nic.
2276 3283 2595 3342 Sudorium
2640 3283 2723 3358 (le

716 3375 932 3446 Sueur)
967 3379 1020 3430 et
1048 3372 1285 3445 ejusdem
1312 3376 1733 3430 commentarius
1759 3376 1821 3431 in
1849 3377 2076 3433 Nemea.
2157 3376 2420 3441 Parisiis,
2450 3393 2546 3450 ap.
2573 3376 2718 3435 Fed.

712 3466 1055 3524 Morellum.
1086 3465 1257 3523 1582.
1285 3468 1345 3522 8.
1376 3465 1527 3522 min.
1553 3473 1615 3523 ει
1646 3461 1778 3539 ,iam
1807 3479 1969 3538 ante,
1999 3475 2068 3526 ut
2095 3475 2492 3525 memoratum
2522 3467 2721 3540 vide0,

629 3559 1027 3700 1111ᾙῦιῖἱὲεο
1053 3640 1283 3700 laudari
1305 3640 1602 3700 venetam
1625 3641 1739 3701 hoc
1762 3661 1956 3716 ann05
2004 3641 2237 3709 vitiose,
2258 3646 2327 3697 ut
2345 3639 2617 3711 arbitror,
2636 3649 2708 3700 ut

547 3748 608 3797 ct
632 3757 685 3794 a.
726 3736 895 3796 1592.
922 3752 1016 3808 ap.
1042 3734 1269 3794 Fabric.
1350 3734 1699 3796 Memor-ant
1725 3753 1964 3814 quoque

563 3859 573 3872 ·
630 3831 947 3888 Pindarum
972 3847 1092 3886 cum
1118 3846 1255 3886 vers.
1280 3831 1387 3888 lat.
1410 3836 1466 3887 et
1493 3831 1892 3889 commentariis
1919 3824 2168 3883 Sudorii.
2219 3825 2406 3886 Venet.
2440 3825 2615 3885 1598.
2640 3824 2701 3885 8.

704 3931 979 3999 corrupte
1005 3929 1067 3979 et
1093 3921 1228 3989 hoc,
1258 3924 1308 3981 si
1335 3923 1477 3999 quid
1508 3923 1701 3980 video.
1727 3919 1805 3977 cf.
1834 3918 1946 3976 inf.
1973 3916 2046 3975 ad
2085 3916 2256 3976 1623.

622 4014 831 4074 Franc.
893 4014 1054 4073 Porti
1116 4015 1384 4074 Cretensis
1428 4012 1814 4073 Conmentarii
1850 4013 1911 4067 in
1957 4009 2206 4069 Pindari
2246 4012 2336 4070 01.
2390 4009 2470 4069 P.
2522 4010 2601 4068 N.
2653 4011 2703 4069 Ι.

707 4107 1041 4184 (Genevae.)
1071 4112 1239 4186 Apud
1264 4112 1537 4170 Joannem
1565 4107 1837 4183 sylvium.
1886 4103 2060 4162 1583.
2083 4105 2144 4162 4.
2191 4106 2343 4181 (non
2377 4102 2550 4166 1587.
2576 4109 2646 4158 ιιι
2672 4120 2711 4160 a

704 4201 1015 4260 nonnullis
1039 4203 1268 4262 laudari
1296 4199 1516 4275 video.)
1605 4200 1812 4263 Edidit
1827 4198 2011 4274 filius,
2042 4198 2331 4270 AEmilius,
2385 4215 2449 4255 eo
2473 4203 2710 4273 tempore

705 4288 1001 4364 Professor
1027 4296 1434 4362 Lomaniem's·
