<?xml version="1.0" encoding="UTF-8"?>
<!DOCTYPE html PUBLIC "-//W3C//DTD XHTML 1.0 Transitional//EN"
    "http://www.w3.org/TR/xhtml1/DTD/xhtml1-transitional.dtd">
<html xmlns="http://www.w3.org/1999/xhtml" xml:lang="en" lang="en">
 <head>
  <title>
</title>
<meta http-equiv="Content-Type" content="text/html;charset=utf-8" />
  <meta name='ocr-system' content='tesseract 3.04.00' />
  <meta name='ocr-capabilities' content='ocr_page ocr_carea ocr_par ocr_line ocrx_word'/>
</head>
<body>
  <div class='ocr_page' id='page_1' title='image "./pindaricarminac00unkngoog_0041.png"; bbox 0 0 3175 5250; ppageno 0'>
   <div class='ocr_carea' id='block_1_1' title="bbox 1119 431 2594 500">
    <p class='ocr_par' dir='ltr' id='par_1_1' title="bbox 1119 431 2594 500">
     <span class='ocr_line' id='line_1_1' title="bbox 1119 431 2594 500; baseline -0.003 -1"><span class='ocrx_word' id='word_1_1' title='bbox 1119 433 1786 500; x_wconf 76' lang='lat' dir='ltr'>PRAEFATlo..</span> <span class='ocrx_word' id='word_1_2' title='bbox 2344 431 2594 496; x_wconf 80' lang='lat' dir='ltr'>xxxiii·</span> 
     </span>
    </p>
   </div>
   <div class='ocr_carea' id='block_1_2' title="bbox 365 615 2616 2561">
    <p class='ocr_par' dir='ltr' id='par_1_2' title="bbox 365 615 2616 2561">
     <span class='ocr_line' id='line_1_2' title="bbox 465 615 2538 697; baseline -0 -18"><span class='ocrx_word' id='word_1_3' title='bbox 465 619 833 697; x_wconf 64' lang='lat' dir='ltr'>Perventum</span> <span class='ocrx_word' id='word_1_4' title='bbox 874 627 965 678; x_wconf 86' lang='lat' dir='ltr'>est</span> <span class='ocrx_word' id='word_1_5' title='bbox 991 619 1065 678; x_wconf 90' lang='lat' dir='ltr'>ad</span> <span class='ocrx_word' id='word_1_6' title='bbox 1119 623 1493 690; x_wconf 65' lang='lat' dir='ltr'>oxoniensem,</span> <span class='ocrx_word' id='word_1_7' title='bbox 1545 621 1862 680; x_wconf 67' lang='lat' dir='ltr'>curantibus</span> <span class='ocrx_word' id='word_1_8' title='bbox 1888 617 2050 676; x_wconf 71' lang='lat' dir='ltr'>Rich.</span> <span class='ocrx_word' id='word_1_9' title='bbox 2096 615 2242 676; x_wconf 72' lang='lat' dir='ltr'>West</span> <span class='ocrx_word' id='word_1_10' title='bbox 2289 626 2346 677; x_wconf 74' lang='lat' dir='ltr'>et</span> <span class='ocrx_word' id='word_1_11' title='bbox 2399 618 2538 679; x_wconf 77' lang='lat' dir='ltr'>Rob.</span> 
     </span>
     <span class='ocr_line' id='line_1_3' title="bbox 365 714 2537 792; baseline 0 -21"><span class='ocrx_word' id='word_1_12' title='bbox 365 715 629 777; x_wconf 67' lang='lat' dir='ltr'>*WelstezL</span> <span class='ocrx_word' id='word_1_13' title='bbox 679 718 854 778; x_wconf 86' lang='grc'><strong>1697.</strong></span> <span class='ocrx_word' id='word_1_14' title='bbox 879 715 986 777; x_wconf 80' lang='lat' dir='ltr'>fol.</span> <span class='ocrx_word' id='word_1_15' title='bbox 1066 717 1426 785; x_wconf 73' lang='lat' dir='ltr'>Modestiam</span> <span class='ocrx_word' id='word_1_16' title='bbox 1456 725 1517 775; x_wconf 89' lang='lat' dir='ltr'>et</span> <span class='ocrx_word' id='word_1_17' title='bbox 1565 717 1908 792; x_wconf 73' lang='lat' dir='ltr'>aequitatem</span> <span class='ocrx_word' id='word_1_18' title='bbox 1933 714 2196 771; x_wconf 88' lang='lat' dir='ltr'>virorum</span> <span class='ocrx_word' id='word_1_19' title='bbox 2226 714 2537 772; x_wconf 88' lang='lat' dir='ltr'>doctorum</span> 
     </span>
     <span class='ocr_line' id='line_1_4' title="bbox 371 807 2541 885; baseline -0.001 -18"><span class='ocrx_word' id='word_1_20' title='bbox 371 808 545 867; x_wconf 78' lang='lat' dir='ltr'>facile</span> <span class='ocrx_word' id='word_1_21' title='bbox 568 810 819 885; x_wconf 83' lang='lat' dir='ltr'>probes;</span> <span class='ocrx_word' id='word_1_22' title='bbox 860 810 1096 867; x_wconf 88' lang='lat' dir='ltr'>etiamsi</span> <span class='ocrx_word' id='word_1_23' title='bbox 1125 810 1411 867; x_wconf 84' lang='lat' dir='ltr'>doctrinae</span> <span class='ocrx_word' id='word_1_24' title='bbox 1439 810 1858 875; x_wconf 81' lang='lat' dir='ltr'>subtilitatem,</span> <span class='ocrx_word' id='word_1_25' title='bbox 1879 807 2149 864; x_wconf 89' lang='lat' dir='ltr'>criticum</span> <span class='ocrx_word' id='word_1_26' title='bbox 2174 823 2448 874; x_wconf 81' lang='lat' dir='ltr'>acumen,</span> <span class='ocrx_word' id='word_1_27' title='bbox 2478 816 2541 865; x_wconf 89' lang='lat' dir='ltr'>et</span> 
     </span>
     <span class='ocr_line' id='line_1_5' title="bbox 372 898 2539 981; baseline 0 -23"><span class='ocrx_word' id='word_1_28' title='bbox 372 903 688 961; x_wconf 82' lang='lat' dir='ltr'>subactum</span> <span class='ocrx_word' id='word_1_29' title='bbox 719 903 781 960; x_wconf 88' lang='lat' dir='ltr'>in</span> <span class='ocrx_word' id='word_1_30' title='bbox 807 902 1190 981; x_wconf 75' lang='lat' dir='ltr'>admittendis</span> <span class='ocrx_word' id='word_1_31' title='bbox 1216 904 1317 971; x_wconf 56' lang='lat' dir='ltr'>vel</span> <span class='ocrx_word' id='word_1_32' title='bbox 1363 898 1704 974; x_wconf 80' lang='lat' dir='ltr'>rejiciendis</span> <span class='ocrx_word' id='word_1_33' title='bbox 1723 900 2309 976; x_wconf 78' lang='lat' dir='ltr'>interpretationibus</span> <span class='ocrx_word' id='word_1_34' title='bbox 2334 911 2395 960; x_wconf 88' lang='lat' dir='ltr'>et</span> <span class='ocrx_word' id='word_1_35' title='bbox 2420 905 2539 961; x_wconf 94' lang='lat' dir='ltr'>lec-</span> 
     </span>
     <span class='ocr_line' id='line_1_6' title="bbox 372 984 2539 1071; baseline -0 -18"><span class='ocrx_word' id='word_1_36' title='bbox 372 997 645 1054; x_wconf 82' lang='lat' dir='ltr'>tionibus</span> <span class='ocrx_word' id='word_1_37' title='bbox 673 984 1049 1053; x_wconf 72' lang='lat' dir='ltr'>aestimandis&#39;</span> <span class='ocrx_word' id='word_1_38' title='bbox 1069 994 1363 1052; x_wconf 76' lang='lat' dir='ltr'>desideres</span> <span class='ocrx_word' id='word_1_39' title='bbox 1393 993 1733 1071; x_wconf 86' lang='lat' dir='ltr'>ingenium.</span> <span class='ocrx_word' id='word_1_40' title='bbox 1789 992 2050 1052; x_wconf 84' lang='lat' dir='ltr'>Textum</span> <span class='ocrx_word' id='word_1_41' title='bbox 2085 993 2539 1055; x_wconf 86' lang='lat' dir='ltr'>Schmidianum</span> 
     </span>
     <span class='ocr_line' id='line_1_7' title="bbox 372 1086 2541 1165; baseline 0 -18"><span class='ocrx_word' id='word_1_42' title='bbox 372 1090 611 1165; x_wconf 89' lang='lat' dir='ltr'>sequuti</span> <span class='ocrx_word' id='word_1_43' title='bbox 632 1090 937 1157; x_wconf 65' lang='lat' dir='ltr'>suntmisi,</span> <span class='ocrx_word' id='word_1_44' title='bbox 957 1088 1262 1161; x_wconf 88' lang='lat' dir='ltr'>inquiunt,</span> <span class='ocrx_word' id='word_1_45' title='bbox 1277 1089 1494 1144; x_wconf 77' lang='lat' dir='ltr'>numeri</span> <span class='ocrx_word' id='word_1_46' title='bbox 1516 1089 1793 1154; x_wconf 58' lang='lat' dir='ltr'>comanis,</span> <span class='ocrx_word' id='word_1_47' title='bbox 1813 1094 1914 1143; x_wconf 80' lang='lat' dir='ltr'>aut</span> <span class='ocrx_word' id='word_1_48' title='bbox 1936 1086 2150 1160; x_wconf 78' lang='lat' dir='ltr'>aliquid</span> <span class='ocrx_word' id='word_1_49' title='bbox 2162 1087 2341 1156; x_wconf 78' lang='lat' dir='ltr'>aliud,</span> <span class='ocrx_word' id='word_1_50' title='bbox 2363 1092 2541 1147; x_wconf 81' lang='lat' dir='ltr'>recla-</span> 
     </span>
     <span class='ocr_line' id='line_1_8' title="bbox 372 1179 2544 1258; baseline 0.001 -19"><span class='ocrx_word' id='word_1_51' title='bbox 372 1189 605 1241; x_wconf 72' lang='lat' dir='ltr'>marem.</span> <span class='ocrx_word' id='word_1_52' title='bbox 658 1180 773 1237; x_wconf 87' lang='lat' dir='ltr'>Sed</span> <span class='ocrx_word' id='word_1_53' title='bbox 802 1179 1119 1239; x_wconf 76' lang='lat' dir='ltr'>fatendum</span> <span class='ocrx_word' id='word_1_54' title='bbox 1152 1186 1263 1246; x_wconf 91' lang='lat' dir='ltr'>est,</span> <span class='ocrx_word' id='word_1_55' title='bbox 1296 1197 1408 1237; x_wconf 89' lang='lat' dir='ltr'>nec</span> <span class='ocrx_word' id='word_1_56' title='bbox 1429 1180 1750 1258; x_wconf 83' lang='lat' dir='ltr'>lyricorum</span> <span class='ocrx_word' id='word_1_57' title='bbox 1780 1186 2108 1236; x_wconf 74' lang='lat' dir='ltr'>metrorum</span> <span class='ocrx_word' id='word_1_58' title='bbox 2137 1180 2418 1252; x_wconf 83' lang='lat' dir='ltr'>rationes,</span> <span class='ocrx_word' id='word_1_59' title='bbox 2433 1200 2544 1241; x_wconf 89' lang='lat' dir='ltr'>nec</span> 
     </span>
     <span class='ocr_line' id='line_1_9' title="bbox 369 1270 2543 1348; baseline 0.001 -17"><span class='ocrx_word' id='word_1_60' title='bbox 369 1272 704 1332; x_wconf 75' lang='lat' dir='ltr'>Pindaricae</span> <span class='ocrx_word' id='word_1_61' title='bbox 718 1273 1018 1332; x_wconf 86' lang='lat' dir='ltr'>orationis</span> <span class='ocrx_word' id='word_1_62' title='bbox 1046 1271 1309 1329; x_wconf 84' lang='lat' dir='ltr'>indolem</span> <span class='ocrx_word' id='word_1_63' title='bbox 1337 1272 1497 1329; x_wconf 85' lang='lat' dir='ltr'>viros</span> <span class='ocrx_word' id='word_1_64' title='bbox 1522 1273 2037 1348; x_wconf 59' lang='lat' dir='ltr'>praestantissimos</span> <span class='ocrx_word' id='word_1_65' title='bbox 2061 1272 2202 1329; x_wconf 86' lang='lat' dir='ltr'>satis</span> <span class='ocrx_word' id='word_1_66' title='bbox 2230 1270 2357 1331; x_wconf 63' lang='lat' dir='ltr'>esse</span> <span class='ocrx_word' id='word_1_67' title='bbox 2385 1293 2543 1333; x_wconf 87' lang='lat' dir='ltr'>asse-</span> 
     </span>
     <span class='ocr_line' id='line_1_10' title="bbox 376 1365 2546 1445; baseline 0.002 -22"><span class='ocrx_word' id='word_1_68' title='bbox 376 1378 617 1445; x_wconf 64' lang='lat' dir='ltr'>quutos,</span> <span class='ocrx_word' id='word_1_69' title='bbox 646 1375 708 1425; x_wconf 85' lang='lat' dir='ltr'>et</span> <span class='ocrx_word' id='word_1_70' title='bbox 757 1366 938 1425; x_wconf 87' lang='lat' dir='ltr'>modo</span> <span class='ocrx_word' id='word_1_71' title='bbox 992 1366 1322 1432; x_wconf 80' lang='lat' dir='ltr'>damnasse,</span> <span class='ocrx_word' id='word_1_72' title='bbox 1351 1384 1485 1441; x_wconf 78' lang='lat' dir='ltr'>quae</span> <span class='ocrx_word' id='word_1_73' title='bbox 1533 1365 1808 1433; x_wconf 85' lang='lat' dir='ltr'>retinere,</span> <span class='ocrx_word' id='word_1_74' title='bbox 1838 1365 2018 1423; x_wconf 88' lang='lat' dir='ltr'>modo</span> <span class='ocrx_word' id='word_1_75' title='bbox 2047 1366 2383 1435; x_wconf 75' lang='lat' dir='ltr'>retinuisse,</span> <span class='ocrx_word' id='word_1_76' title='bbox 2410 1386 2546 1444; x_wconf 79' lang='lat' dir='ltr'>quae</span> 
     </span>
     <span class='ocr_line' id='line_1_11' title="bbox 387 1457 2542 1538; baseline 0.002 -24"><span class='ocrx_word' id='word_1_77' title='bbox 387 1457 677 1517; x_wconf 86' lang='lat' dir='ltr'>damnare</span> <span class='ocrx_word' id='word_1_78' title='bbox 705 1459 1015 1517; x_wconf 80' lang='lat' dir='ltr'>debebant.</span> <span class='ocrx_word' id='word_1_79' title='bbox 1095 1457 1307 1534; x_wconf 82' lang='lat' dir='ltr'>Itaque</span> <span class='ocrx_word' id='word_1_80' title='bbox 1364 1457 1620 1530; x_wconf 66' lang='lat' dir='ltr'>iter-dum</span> <span class='ocrx_word' id='word_1_81' title='bbox 1674 1458 1823 1515; x_wconf 86' lang='lat' dir='ltr'>mihi</span> <span class='ocrx_word' id='word_1_82' title='bbox 1853 1459 1978 1533; x_wconf 91' lang='lat' dir='ltr'>ipse</span> <span class='ocrx_word' id='word_1_83' title='bbox 2034 1458 2332 1533; x_wconf 85' lang='lat' dir='ltr'>displicui,</span> <span class='ocrx_word' id='word_1_84' title='bbox 2384 1460 2542 1538; x_wconf 88' lang='lat' dir='ltr'>quod</span> 
     </span>
     <span class='ocr_line' id='line_1_12' title="bbox 375 1550 2545 1626; baseline 0.002 -19"><span class='ocrx_word' id='word_1_85' title='bbox 375 1566 513 1607; x_wconf 87' lang='lat' dir='ltr'>non</span> <span class='ocrx_word' id='word_1_86' title='bbox 539 1551 616 1607; x_wconf 91' lang='lat' dir='ltr'>ab</span> <span class='ocrx_word' id='word_1_87' title='bbox 646 1550 822 1606; x_wconf 83' lang='lat' dir='ltr'>initio</span> <span class='ocrx_word' id='word_1_88' title='bbox 844 1551 1045 1609; x_wconf 88' lang='lat' dir='ltr'>statim</span> <span class='ocrx_word' id='word_1_89' title='bbox 1070 1551 1362 1609; x_wconf 86' lang='lat' dir='ltr'>lectiones</span> <span class='ocrx_word' id='word_1_90' title='bbox 1387 1568 1692 1626; x_wconf 79' lang='lat' dir='ltr'>perperam</span> <span class='ocrx_word' id='word_1_91' title='bbox 1722 1550 1937 1608; x_wconf 87' lang='lat' dir='ltr'>abillis</span> <span class='ocrx_word' id='word_1_92' title='bbox 1959 1558 2217 1609; x_wconf 86' lang='lat' dir='ltr'>mutatas</span> <span class='ocrx_word' id='word_1_93' title='bbox 2235 1554 2545 1613; x_wconf 81' lang='lat' dir='ltr'>eliminare</span> 
     </span>
     <span class='ocr_line' id='line_1_13' title="bbox 374 1642 2546 1704; baseline 0.002 -3"><span class='ocrx_word' id='word_1_94' title='bbox 374 1644 441 1701; x_wconf 90' lang='lat' dir='ltr'>in</span> <span class='ocrx_word' id='word_1_95' title='bbox 496 1644 771 1701; x_wconf 88' lang='lat' dir='ltr'>animum</span> <span class='ocrx_word' id='word_1_96' title='bbox 808 1643 1174 1703; x_wconf 83' lang='lat' dir='ltr'>induxeram.</span> <span class='ocrx_word' id='word_1_97' title='bbox 1254 1643 1575 1702; x_wconf 87' lang='lat' dir='ltr'>Variantes</span> <span class='ocrx_word' id='word_1_98' title='bbox 1598 1644 1885 1700; x_wconf 88' lang='lat' dir='ltr'>lectiones</span> <span class='ocrx_word' id='word_1_99' title='bbox 1912 1661 1992 1699; x_wconf 76' lang='lat' dir='ltr'>ex</span> <span class='ocrx_word' id='word_1_100' title='bbox 2015 1642 2401 1703; x_wconf 86' lang='lat' dir='ltr'>Schmidiana</span> <span class='ocrx_word' id='word_1_101' title='bbox 2422 1646 2546 1704; x_wconf 89' lang='lat' dir='ltr'>edi-</span> 
     </span>
     <span class='ocr_line' id='line_1_14' title="bbox 375 1736 2549 1813; baseline 0.002 -21"><span class='ocrx_word' id='word_1_102' title='bbox 375 1736 552 1807; x_wconf 70' lang='lat' dir='ltr'>tione</span> <span class='ocrx_word' id='word_1_103' title='bbox 579 1736 1004 1810; x_wconf 83' lang='lat' dir='ltr'>repetiverunt,</span> <span class='ocrx_word' id='word_1_104' title='bbox 1033 1737 1179 1795; x_wconf 87' lang='lat' dir='ltr'>alias</span> <span class='ocrx_word' id='word_1_105' title='bbox 1208 1736 1593 1804; x_wconf 85' lang='lat' dir='ltr'>addiderunt,</span> <span class='ocrx_word' id='word_1_106' title='bbox 1630 1753 1755 1794; x_wconf 89' lang='lat' dir='ltr'>non</span> <span class='ocrx_word' id='word_1_107' title='bbox 1780 1736 2044 1811; x_wconf 86' lang='lat' dir='ltr'>quidem,</span> <span class='ocrx_word' id='word_1_108' title='bbox 2068 1736 2232 1811; x_wconf 90' lang='lat' dir='ltr'>quod</span> <span class='ocrx_word' id='word_1_109' title='bbox 2288 1738 2422 1813; x_wconf 86' lang='lat' dir='ltr'>quis</span> <span class='ocrx_word' id='word_1_110' title='bbox 2445 1757 2549 1797; x_wconf 84' lang='lat' dir='ltr'>ex-</span> 
     </span>
     <span class='ocr_line' id='line_1_15' title="bbox 374 1828 2554 1907; baseline 0.003 -23"><span class='ocrx_word' id='word_1_111' title='bbox 374 1828 674 1903; x_wconf 83' lang='lat' dir='ltr'>pectabat,</span> <span class='ocrx_word' id='word_1_112' title='bbox 708 1829 976 1903; x_wconf 83' lang='lat' dir='ltr'>antiquis</span> <span class='ocrx_word' id='word_1_113' title='bbox 998 1828 1131 1887; x_wconf 88' lang='lat' dir='ltr'>edd.</span> <span class='ocrx_word' id='word_1_114' title='bbox 1159 1831 1421 1887; x_wconf 85' lang='lat' dir='ltr'>excussis</span> <span class='ocrx_word' id='word_1_115' title='bbox 1478 1835 1539 1885; x_wconf 86' lang='lat' dir='ltr'>et</span> <span class='ocrx_word' id='word_1_116' title='bbox 1590 1828 1947 1902; x_wconf 87' lang='lat' dir='ltr'>comparatis</span> <span class='ocrx_word' id='word_1_117' title='bbox 1972 1850 1986 1885; x_wconf 89' lang='lat'>:</span> <span class='ocrx_word' id='word_1_118' title='bbox 2032 1829 2144 1885; x_wconf 90' lang='lat' dir='ltr'>etsi</span> <span class='ocrx_word' id='word_1_119' title='bbox 2168 1847 2234 1885; x_wconf 66' lang='grc' dir='ltr'>ατ</span> <span class='ocrx_word' id='word_1_120' title='bbox 2279 1832 2554 1907; x_wconf 70' lang='lat' dir='ltr'>impressis</span> 
     </span>
     <span class='ocr_line' id='line_1_16' title="bbox 368 1920 2552 2001; baseline 0.002 -23"><span class='ocrx_word' id='word_1_121' title='bbox 368 1921 632 1997; x_wconf 75' lang='lat' dir='ltr'>plurimis</span> <span class='ocrx_word' id='word_1_122' title='bbox 686 1922 809 1978; x_wconf 80' lang='lat' dir='ltr'>edd.</span> <span class='ocrx_word' id='word_1_123' title='bbox 868 1923 1223 2001; x_wconf 83' lang='lat' dir='ltr'>varietatem</span> <span class='ocrx_word' id='word_1_124' title='bbox 1277 1921 1559 1980; x_wconf 88' lang='lat' dir='ltr'>lectionis</span> <span class='ocrx_word' id='word_1_125' title='bbox 1609 1920 1857 1994; x_wconf 84' lang='lat' dir='ltr'>petitam</span> <span class='ocrx_word' id='word_1_126' title='bbox 1888 1927 2229 1979; x_wconf 88' lang='lat' dir='ltr'>memorant</span> <span class='ocrx_word' id='word_1_127' title='bbox 2255 1943 2271 1979; x_wconf 76' lang='lat' dir='ltr'><strong><em>z</em></strong></span> <span class='ocrx_word' id='word_1_128' title='bbox 2317 1923 2421 1981; x_wconf 84' lang='lat' dir='ltr'>sed</span> <span class='ocrx_word' id='word_1_129' title='bbox 2475 1942 2552 1983; x_wconf 81' lang='lat' dir='ltr'>ex</span> 
     </span>
     <span class='ocr_line' id='line_1_17' title="bbox 382 2006 2553 2090; baseline 0.003 -18"><span class='ocrx_word' id='word_1_130' title='bbox 382 2013 709 2072; x_wconf 72' lang='lat' dir='ltr'>Bodleianis</span> <span class='ocrx_word' id='word_1_131' title='bbox 752 2015 908 2073; x_wconf 81' lang='lat' dir='ltr'>codd.</span> <span class='ocrx_word' id='word_1_132' title='bbox 953 2006 1277 2090; x_wconf 78' lang='lat' dir='ltr'>exscriptas</span> <span class='ocrx_word' id='word_1_133' title='bbox 1298 2038 1317 2087; x_wconf 82' lang='lat'>3</span> <span class='ocrx_word' id='word_1_134' title='bbox 1361 2012 1435 2070; x_wconf 90' lang='lat' dir='ltr'>de</span> <span class='ocrx_word' id='word_1_135' title='bbox 1485 2013 1704 2088; x_wconf 89' lang='lat' dir='ltr'>quibus</span> <span class='ocrx_word' id='word_1_136' title='bbox 1746 2018 1947 2070; x_wconf 86' lang='lat' dir='ltr'>tamen</span> <span class='ocrx_word' id='word_1_137' title='bbox 2000 2013 2173 2071; x_wconf 89' lang='lat' dir='ltr'>codd.</span> <span class='ocrx_word' id='word_1_138' title='bbox 2227 2015 2381 2074; x_wconf 87' lang='lat' dir='ltr'>nibil</span> <span class='ocrx_word' id='word_1_139' title='bbox 2401 2020 2553 2078; x_wconf 72' lang='lat' dir='ltr'>satis</span> 
     </span>
     <span class='ocr_line' id='line_1_18' title="bbox 378 2106 2556 2183; baseline 0.004 -21"><span class='ocrx_word' id='word_1_140' title='bbox 378 2106 601 2163; x_wconf 79' lang='lat' dir='ltr'>diserte</span> <span class='ocrx_word' id='word_1_141' title='bbox 642 2115 926 2179; x_wconf 83' lang='lat' dir='ltr'>narrant3</span> <span class='ocrx_word' id='word_1_142' title='bbox 971 2126 1107 2183; x_wconf 80' lang='lat' dir='ltr'>quoe</span> <span class='ocrx_word' id='word_1_143' title='bbox 1149 2107 1261 2182; x_wconf 90' lang='lat' dir='ltr'>ipsi</span> <span class='ocrx_word' id='word_1_144' title='bbox 1313 2106 1845 2173; x_wconf 79' lang='lat' dir='ltr'>observaverimus,</span> <span class='ocrx_word' id='word_1_145' title='bbox 1877 2123 2056 2181; x_wconf 87' lang='lat' dir='ltr'>supra</span> <span class='ocrx_word' id='word_1_146' title='bbox 2098 2110 2366 2183; x_wconf 88' lang='lat' dir='ltr'>exposita</span> <span class='ocrx_word' id='word_1_147' title='bbox 2392 2119 2556 2172; x_wconf 86' lang='lat' dir='ltr'>suut.</span> 
     </span>
     <span class='ocr_line' id='line_1_19' title="bbox 378 2193 2616 2273; baseline 0.003 -19"><span class='ocrx_word' id='word_1_148' title='bbox 378 2193 736 2257; x_wconf 86' lang='lat' dir='ltr'>Versionem</span> <span class='ocrx_word' id='word_1_149' title='bbox 760 2208 1072 2257; x_wconf 83' lang='lat' dir='ltr'>servarunt</span> <span class='ocrx_word' id='word_1_150' title='bbox 1094 2217 1171 2257; x_wconf 87' lang='lat' dir='ltr'>ex</span> <span class='ocrx_word' id='word_1_151' title='bbox 1191 2198 1597 2265; x_wconf 87' lang='lat' dir='ltr'>Schmidiana,</span> <span class='ocrx_word' id='word_1_152' title='bbox 1624 2197 2008 2273; x_wconf 83' lang='lat' dir='ltr'>paraphrasin</span> <span class='ocrx_word' id='word_1_153' title='bbox 2055 2195 2440 2271; x_wconf 82' lang='lat' dir='ltr'>subjecerunt</span> <span class='ocrx_word' id='word_1_154' title='bbox 2480 2223 2555 2262; x_wconf 82' lang='lat' dir='ltr'>ex</span> <span class='ocrx_word' id='word_1_155' title='bbox 2606 2195 2616 2211; x_wconf 78' lang='lat'>⁸</span> 
     </span>
     <span class='ocr_line' id='line_1_20' title="bbox 385 2289 2554 2368; baseline 0 -17"><span class='ocrx_word' id='word_1_156' title='bbox 385 2292 779 2352; x_wconf 86' lang='lat' dir='ltr'>Salmuriensi</span> <span class='ocrx_word' id='word_1_157' title='bbox 808 2293 1098 2360; x_wconf 86' lang='lat' dir='ltr'>editione,</span> <span class='ocrx_word' id='word_1_158' title='bbox 1128 2309 1252 2349; x_wconf 89' lang='lat' dir='ltr'>una</span> <span class='ocrx_word' id='word_1_159' title='bbox 1274 2308 1412 2349; x_wconf 87' lang='lat' dir='ltr'>cum</span> <span class='ocrx_word' id='word_1_160' title='bbox 1445 2291 1837 2368; x_wconf 82' lang='lat' dir='ltr'>argumentis.</span> <span class='ocrx_word' id='word_1_161' title='bbox 1877 2289 2145 2348; x_wconf 84' lang='lat' dir='ltr'>Iudicem</span> <span class='ocrx_word' id='word_1_162' title='bbox 2193 2292 2554 2368; x_wconf 87' lang='lat' dir='ltr'>locupletem</span> 
     </span>
     <span class='ocr_line' id='line_1_21' title="bbox 380 2366 2555 2460; baseline 0.001 -19"><span class='ocrx_word' id='word_1_163' title='bbox 380 2385 493 2460; x_wconf 87' lang='lat' dir='ltr'>ipsi</span> <span class='ocrx_word' id='word_1_164' title='bbox 551 2381 964 2442; x_wconf 86' lang='lat' dir='ltr'>confecerunt.</span> <span class='ocrx_word' id='word_1_165' title='bbox 1050 2366 1489 2441; x_wconf 80' lang='lat' dir='ltr'>oxoniensium</span> <span class='ocrx_word' id='word_1_166' title='bbox 1556 2382 1801 2455; x_wconf 74' lang='lat' dir='ltr'>Pindari</span> <span class='ocrx_word' id='word_1_167' title='bbox 1866 2382 2159 2440; x_wconf 86' lang='lat' dir='ltr'>editorum</span> <span class='ocrx_word' id='word_1_168' title='bbox 2211 2384 2555 2445; x_wconf 78' lang='lat' dir='ltr'>desideratoe</span> 
     </span>
     <span class='ocr_line' id='line_1_22' title="bbox 375 2470 2554 2561; baseline 0 -24"><span class='ocrx_word' id='word_1_169' title='bbox 375 2470 667 2561; x_wconf 72' lang='grc' dir='ltr'><strong><em>ἀκριβείας</em></strong></span> <span class='ocrx_word' id='word_1_170' title='bbox 706 2477 1010 2550; x_wconf 87' lang='lat' dir='ltr'>specimen</span> <span class='ocrx_word' id='word_1_171' title='bbox 1035 2475 1343 2552; x_wconf 83' lang='lat' dir='ltr'>proposuit</span> <span class='ocrx_word' id='word_1_172' title='bbox 1372 2474 1450 2532; x_wconf 80' lang='lat' dir='ltr'>R.</span> <span class='ocrx_word' id='word_1_173' title='bbox 1478 2474 1719 2532; x_wconf 79' lang='lat' dir='ltr'>Dawes.</span> <span class='ocrx_word' id='word_1_174' title='bbox 1759 2472 2010 2532; x_wconf 88' lang='lat' dir='ltr'>Miscell.</span> <span class='ocrx_word' id='word_1_175' title='bbox 2050 2476 2181 2534; x_wconf 89' lang='lat' dir='ltr'>crit.</span> <span class='ocrx_word' id='word_1_176' title='bbox 2213 2478 2368 2535; x_wconf 88' lang='lat' dir='ltr'>Sect.</span> <span class='ocrx_word' id='word_1_177' title='bbox 2402 2478 2463 2536; x_wconf 91' lang='lat' dir='ltr'>ii.</span> <span class='ocrx_word' id='word_1_178' title='bbox 2491 2498 2554 2554; x_wconf 84' lang='lat' dir='ltr'>p.</span> 
     </span>
    </p>
   </div>
   <div class='ocr_carea' id='block_1_3' title="bbox 382 2570 2592 3674">
    <p class='ocr_par' dir='ltr' id='par_1_3' title="bbox 384 2570 2556 2729">
     <span class='ocr_line' id='line_1_23' title="bbox 388 2570 2556 2656; baseline 0.002 -22"><span class='ocrx_word' id='word_1_179' title='bbox 388 2577 603 2635; x_wconf 83' lang='lat'>33·68.</span> <span class='ocrx_word' id='word_1_180' title='bbox 644 2574 760 2656; x_wconf 87' lang='lat' dir='ltr'>(ed.</span> <span class='ocrx_word' id='word_1_181' title='bbox 791 2575 979 2654; x_wconf 83' lang='lat' dir='ltr'>Burg.</span> <span class='ocrx_word' id='word_1_182' title='bbox 1008 2595 1066 2654; x_wconf 92' lang='lat' dir='ltr'>p.</span> <span class='ocrx_word' id='word_1_183' title='bbox 1116 2570 1241 2654; x_wconf 86' lang='lat'>37.)</span> <span class='ocrx_word' id='word_1_184' title='bbox 1289 2575 1609 2656; x_wconf 56' lang='lat' dir='ltr'>Paupvium</span> <span class='ocrx_word' id='word_1_185' title='bbox 1639 2573 1843 2632; x_wconf 88' lang='lat' dir='ltr'>minus</span> <span class='ocrx_word' id='word_1_186' title='bbox 1893 2577 2100 2636; x_wconf 86' lang='lat' dir='ltr'>acerbe</span> <span class='ocrx_word' id='word_1_187' title='bbox 2121 2594 2260 2636; x_wconf 84' lang='lat' dir='ltr'>cum</span> <span class='ocrx_word' id='word_1_188' title='bbox 2288 2578 2360 2638; x_wconf 89' lang='lat' dir='ltr'>iis</span> <span class='ocrx_word' id='word_1_189' title='bbox 2380 2596 2556 2656; x_wconf 84' lang='lat' dir='ltr'>agere</span> 
     </span>
     <span class='ocr_line' id='line_1_24' title="bbox 384 2669 1152 2729; baseline 0.005 -4"><span class='ocrx_word' id='word_1_190' title='bbox 384 2669 689 2727; x_wconf 84' lang='lat' dir='ltr'>interdum</span> <span class='ocrx_word' id='word_1_191' title='bbox 716 2670 970 2727; x_wconf 84' lang='lat' dir='ltr'>miratus</span> <span class='ocrx_word' id='word_1_192' title='bbox 997 2686 1152 2729; x_wconf 87' lang='lat' dir='ltr'>sum.</span> 
     </span>
    </p>

    <p class='ocr_par' dir='ltr' id='par_1_4' title="bbox 382 2761 2560 3120">
     <span class='ocr_line' id='line_1_25' title="bbox 458 2761 2560 2839; baseline 0.002 -19"><span class='ocrx_word' id='word_1_193' title='bbox 458 2762 781 2839; x_wconf 84' lang='lat' dir='ltr'>Repetitus</span> <span class='ocrx_word' id='word_1_194' title='bbox 823 2771 915 2820; x_wconf 86' lang='lat' dir='ltr'>est</span> <span class='ocrx_word' id='word_1_195' title='bbox 958 2772 1276 2822; x_wconf 83' lang='lat' dir='ltr'>contextus</span> <span class='ocrx_word' id='word_1_196' title='bbox 1305 2769 1499 2839; x_wconf 79' lang='lat' dir='ltr'>poetae</span> <span class='ocrx_word' id='word_1_197' title='bbox 1548 2778 1627 2819; x_wconf 88' lang='lat' dir='ltr'>ex</span> <span class='ocrx_word' id='word_1_198' title='bbox 1674 2762 1792 2819; x_wconf 86' lang='lat' dir='ltr'>bac</span> <span class='ocrx_word' id='word_1_199' title='bbox 1817 2761 2105 2831; x_wconf 87' lang='lat' dir='ltr'>editione,</span> <span class='ocrx_word' id='word_1_200' title='bbox 2133 2762 2395 2838; x_wconf 89' lang='lat' dir='ltr'>primum</span> <span class='ocrx_word' id='word_1_201' title='bbox 2419 2763 2560 2826; x_wconf 84' lang='lat' dir='ltr'>edit.</span> 
     </span>
     <span class='ocr_line' id='line_1_26' title="bbox 384 2853 2557 2932; baseline 0.002 -20"><span class='ocrx_word' id='word_1_202' title='bbox 384 2854 766 2932; x_wconf 71' lang='lat' dir='ltr'>Glaeguemi,</span> <span class='ocrx_word' id='word_1_203' title='bbox 804 2855 982 2923; x_wconf 83' lang='lat'>1744,</span> <span class='ocrx_word' id='word_1_204' title='bbox 1013 2874 1152 2914; x_wconf 92' lang='lat' dir='ltr'>cum</span> <span class='ocrx_word' id='word_1_205' title='bbox 1183 2854 1678 2931; x_wconf 85' lang='lat' dir='ltr'>interpretatione</span> <span class='ocrx_word' id='word_1_206' title='bbox 1703 2853 1928 2926; x_wconf 83' lang='lat' dir='ltr'>latina3</span> <span class='ocrx_word' id='word_1_207' title='bbox 1964 2861 2025 2912; x_wconf 85' lang='lat' dir='ltr'>et</span> <span class='ocrx_word' id='word_1_208' title='bbox 2046 2872 2238 2931; x_wconf 81' lang='lat' dir='ltr'>graece</span> <span class='ocrx_word' id='word_1_209' title='bbox 2263 2855 2434 2917; x_wconf 84' lang='lat'>1754.</span> <span class='ocrx_word' id='word_1_210' title='bbox 2459 2859 2557 2916; x_wconf 88' lang='grc'>24.</span> 
     </span>
     <span class='ocr_line' id='line_1_27' title="bbox 382 2944 2560 3014; baseline 0.002 -11"><span class='ocrx_word' id='word_1_211' title='bbox 382 2946 571 3003; x_wconf 86' lang='lat' dir='ltr'>tribus</span> <span class='ocrx_word' id='word_1_212' title='bbox 591 2948 1007 3006; x_wconf 80' lang='lat' dir='ltr'>voluminibus</span> <span class='ocrx_word' id='word_1_213' title='bbox 1030 2949 1426 3014; x_wconf 81' lang='lat' dir='ltr'>nitidissimis,</span> <span class='ocrx_word' id='word_1_214' title='bbox 1457 2953 1518 3003; x_wconf 80' lang='lat' dir='ltr'>et</span> <span class='ocrx_word' id='word_1_215' title='bbox 1555 2945 1729 3007; x_wconf 82' lang='lat'>1770.</span> <span class='ocrx_word' id='word_1_216' title='bbox 1764 2945 1822 3003; x_wconf 82' lang='grc'>8.</span> <span class='ocrx_word' id='word_1_217' title='bbox 1856 2946 1892 3002; x_wconf 86' lang='grc'><strong>2</strong></span> <span class='ocrx_word' id='word_1_218' title='bbox 1921 2947 2064 3004; x_wconf 84' lang='lat' dir='ltr'>voll.</span> <span class='ocrx_word' id='word_1_219' title='bbox 2109 2945 2274 3003; x_wconf 84' lang='lat' dir='ltr'>Adde</span> <span class='ocrx_word' id='word_1_220' title='bbox 2299 2944 2560 3007; x_wconf 88' lang='lat' dir='ltr'>Londini</span> 
     </span>
     <span class='ocr_line' id='line_1_28' title="bbox 400 3038 1638 3120; baseline 0.002 -26"><span class='ocrx_word' id='word_1_221' title='bbox 400 3038 701 3116; x_wconf 40' lang='lat' dir='ltr'>17532ap.</span> <span class='ocrx_word' id='word_1_222' title='bbox 732 3039 1005 3118; x_wconf 83' lang='lat' dir='ltr'>Bowyer.</span> <span class='ocrx_word' id='word_1_223' title='bbox 1050 3042 1266 3120; x_wconf 80' lang='lat' dir='ltr'>Venet.</span> <span class='ocrx_word' id='word_1_224' title='bbox 1315 3041 1488 3104; x_wconf 87' lang='grc'><strong>1762.</strong></span> <span class='ocrx_word' id='word_1_225' title='bbox 1512 3038 1549 3096; x_wconf 89' lang='grc'>8</span> <span class='ocrx_word' id='word_1_226' title='bbox 1579 3038 1638 3097; x_wconf 74' lang='lat'>*.</span> 
     </span>
    </p>

    <p class='ocr_par' dir='ltr' id='par_1_5' title="bbox 398 3130 2592 3301">
     <span class='ocr_line' id='line_1_29' title="bbox 481 3130 2562 3214; baseline 0.003 -27"><span class='ocrx_word' id='word_1_227' title='bbox 481 3130 753 3190; x_wconf 77' lang='lat' dir='ltr'>Veniunt</span> <span class='ocrx_word' id='word_1_228' title='bbox 779 3135 1023 3193; x_wconf 88' lang='lat' dir='ltr'>tandem</span> <span class='ocrx_word' id='word_1_229' title='bbox 1054 3135 1117 3193; x_wconf 92' lang='lat' dir='ltr'>in</span> <span class='ocrx_word' id='word_1_230' title='bbox 1149 3150 1463 3194; x_wconf 88' lang='lat' dir='ltr'>recensum</span> <span class='ocrx_word' id='word_1_231' title='bbox 1490 3131 1676 3190; x_wconf 86' lang='lat' dir='ltr'>hunc.</span> <span class='ocrx_word' id='word_1_232' title='bbox 2559 3207 2562 3214; x_wconf 43' lang='lat'>.</span> 
     </span>
     <span class='ocr_line' id='line_1_30' title="bbox 398 3223 2592 3301; baseline 0.004 -17"><span class='ocrx_word' id='word_1_233' title='bbox 398 3225 492 3286; x_wconf 86' lang='lat' dir='ltr'>Jo.</span> <span class='ocrx_word' id='word_1_234' title='bbox 508 3224 670 3285; x_wconf 84' lang='lat' dir='ltr'>Com.</span> <span class='ocrx_word' id='word_1_235' title='bbox 685 3229 753 3284; x_wconf 83' lang='lat' dir='ltr'>de</span> <span class='ocrx_word' id='word_1_236' title='bbox 770 3229 940 3286; x_wconf 80' lang='lat' dir='ltr'>Pauw</span> <span class='ocrx_word' id='word_1_237' title='bbox 958 3232 1128 3288; x_wconf 77' lang='lat' dir='ltr'>Notae</span> <span class='ocrx_word' id='word_1_238' title='bbox 1143 3234 1203 3288; x_wconf 76' lang='lat' dir='ltr'>in</span> <span class='ocrx_word' id='word_1_239' title='bbox 1218 3227 1559 3288; x_wconf 78' lang='lat' dir='ltr'>Pindarum.</span> <span class='ocrx_word' id='word_1_240' title='bbox 1618 3223 1782 3301; x_wconf 74' lang='lat' dir='ltr'>Traj.</span> <span class='ocrx_word' id='word_1_241' title='bbox 1798 3229 1870 3287; x_wconf 84' lang='lat' dir='ltr'>ad</span> <span class='ocrx_word' id='word_1_242' title='bbox 1886 3226 2088 3288; x_wconf 87' lang='lat' dir='ltr'>Rhen.</span> <span class='ocrx_word' id='word_1_243' title='bbox 2155 3227 2327 3293; x_wconf 85' lang='grc'><strong>1747.</strong></span> <span class='ocrx_word' id='word_1_244' title='bbox 2352 3230 2412 3290; x_wconf 84' lang='grc'>8.</span> <span class='ocrx_word' id='word_1_245' title='bbox 2430 3239 2566 3292; x_wconf 85' lang='lat' dir='ltr'>tum</span> <span class='ocrx_word' id='word_1_246' title='bbox 2585 3259 2592 3274; x_wconf 88' lang='grc'><em>·</em></span> 
     </span>
    </p>

    <p class='ocr_par' dir='ltr' id='par_1_6' title="bbox 549 3319 2569 3674">
     <span class='ocr_line' id='line_1_31' title="bbox 551 3319 2561 3401; baseline 0.003 -23"><span class='ocrx_word' id='word_1_247' title='bbox 551 3328 761 3396; x_wconf 82' lang='lat' dir='ltr'>praeter</span> <span class='ocrx_word' id='word_1_248' title='bbox 785 3323 960 3378; x_wconf 80' lang='lat' dir='ltr'>vitam</span> <span class='ocrx_word' id='word_1_249' title='bbox 980 3320 1242 3391; x_wconf 78' lang='lat' dir='ltr'>Pindari,</span> <span class='ocrx_word' id='word_1_250' title='bbox 1260 3322 1577 3380; x_wconf 74' lang='lat' dir='ltr'>Car-minum</span> <span class='ocrx_word' id='word_1_251' title='bbox 1595 3322 2023 3382; x_wconf 74' lang='lat' dir='ltr'>Pindaricorum</span> <span class='ocrx_word' id='word_1_252' title='bbox 2053 3319 2416 3401; x_wconf 76' lang='lat' dir='ltr'>Fragmenta,</span> <span class='ocrx_word' id='word_1_253' title='bbox 2449 3325 2561 3385; x_wconf 79' lang='lat' dir='ltr'>Cu·</span> 
     </span>
     <span class='ocr_line' id='line_1_32' title="bbox 568 3413 2569 3502; baseline 0.004 -31"><span class='ocrx_word' id='word_1_254' title='bbox 568 3415 823 3473; x_wconf 74' lang='lat' dir='ltr'>ravitJo.</span> <span class='ocrx_word' id='word_1_255' title='bbox 847 3416 916 3472; x_wconf 89' lang='lat' dir='ltr'>G.</span> <span class='ocrx_word' id='word_1_256' title='bbox 938 3415 1254 3476; x_wconf 76' lang='lat' dir='ltr'>Schneider.</span> <span class='ocrx_word' id='word_1_257' title='bbox 1268 3418 1496 3502; x_wconf 81' lang='lat' dir='ltr'>Argent</span> <span class='ocrx_word' id='word_1_258' title='bbox 1525 3413 1699 3477; x_wconf 87' lang='grc'><strong>1776.</strong></span> <span class='ocrx_word' id='word_1_259' title='bbox 1728 3419 1926 3493; x_wconf 76' lang='lat' dir='ltr'>4.quae</span> <span class='ocrx_word' id='word_1_260' title='bbox 1950 3418 2268 3478; x_wconf 89' lang='lat' dir='ltr'>Volumini</span> <span class='ocrx_word' id='word_1_261' title='bbox 2280 3415 2459 3490; x_wconf 86' lang='lat' dir='ltr'>hujus</span> <span class='ocrx_word' id='word_1_262' title='bbox 2472 3420 2569 3480; x_wconf 88' lang='lat' dir='ltr'>ed.</span> 
     </span>
     <span class='ocr_line' id='line_1_33' title="bbox 549 3508 2568 3590; baseline 0.003 -25"><span class='ocrx_word' id='word_1_263' title='bbox 549 3508 730 3565; x_wconf 85' lang='lat' dir='ltr'>tertio</span> <span class='ocrx_word' id='word_1_264' title='bbox 751 3508 972 3566; x_wconf 85' lang='lat' dir='ltr'>inserta</span> <span class='ocrx_word' id='word_1_265' title='bbox 985 3518 1146 3568; x_wconf 89' lang='lat' dir='ltr'>sunt.</span> <span class='ocrx_word' id='word_1_266' title='bbox 1162 3510 1431 3569; x_wconf 80' lang='lat' dir='ltr'>Friderici</span> <span class='ocrx_word' id='word_1_267' title='bbox 1462 3513 1674 3571; x_wconf 75' lang='lat' dir='ltr'>Gedike</span> <span class='ocrx_word' id='word_1_268' title='bbox 1695 3517 1895 3569; x_wconf 86' lang='lat' dir='ltr'>autem</span> <span class='ocrx_word' id='word_1_269' title='bbox 1914 3512 2143 3590; x_wconf 82' lang='lat' dir='ltr'>ingenii</span> <span class='ocrx_word' id='word_1_270' title='bbox 2161 3514 2568 3588; x_wconf 67' lang='lat' dir='ltr'>‹lontrinaeque</span> 
     </span>
     <span class='ocr_line' id='line_1_34' title="bbox 549 3601 2568 3674; baseline 0.003 -17"><span class='ocrx_word' id='word_1_271' title='bbox 549 3601 883 3674; x_wconf 89' lang='lat' dir='ltr'>specimina</span> <span class='ocrx_word' id='word_1_272' title='bbox 910 3602 974 3660; x_wconf 89' lang='lat' dir='ltr'>in</span> <span class='ocrx_word' id='word_1_273' title='bbox 999 3601 1261 3662; x_wconf 88' lang='lat' dir='ltr'>Pindaro</span> <span class='ocrx_word' id='word_1_274' title='bbox 1289 3605 1352 3663; x_wconf 90' lang='lat' dir='ltr'>in</span> <span class='ocrx_word' id='word_1_275' title='bbox 1376 3615 1652 3664; x_wconf 82' lang='lat' dir='ltr'>nostrum</span> <span class='ocrx_word' id='word_1_276' title='bbox 1676 3622 2016 3665; x_wconf 86' lang='lat' dir='ltr'>sermonem</span> <span class='ocrx_word' id='word_1_277' title='bbox 2042 3606 2330 3665; x_wconf 82' lang='lat' dir='ltr'>vertendo</span> <span class='ocrx_word' id='word_1_278' title='bbox 2359 3615 2417 3664; x_wconf 89' lang='lat' dir='ltr'>et</span> <span class='ocrx_word' id='word_1_279' title='bbox 2428 3606 2568 3663; x_wconf 90' lang='lat' dir='ltr'>illu-</span> 
     </span>
    </p>
   </div>
   <div class='ocr_carea' id='block_1_4' title="bbox 386 3802 2592 4106">
    <p class='ocr_par' dir='ltr' id='par_1_7' title="bbox 386 3802 2592 4106">
     <span class='ocr_line' id='line_1_35' title="bbox 462 3802 2592 3870; baseline 0.003 -18"><span class='ocrx_word' id='word_1_280' title='bbox 462 3802 802 3854; x_wconf 70' lang='lat' dir='ltr'>&#39;Nuntiatum</span> <span class='ocrx_word' id='word_1_281' title='bbox 852 3817 972 3870; x_wconf 81' lang='lat' dir='ltr'>erat,</span> <span class='ocrx_word' id='word_1_282' title='bbox 1017 3809 1078 3858; x_wconf 80' lang='lat' dir='ltr'>V.</span> <span class='ocrx_word' id='word_1_283' title='bbox 1122 3809 1181 3860; x_wconf 91' lang='lat' dir='ltr'>C.</span> <span class='ocrx_word' id='word_1_284' title='bbox 1212 3808 1497 3860; x_wconf 57' lang='lat' dir='ltr'>Eitha-dum</span> <span class='ocrx_word' id='word_1_285' title='bbox 1539 3811 1762 3861; x_wconf 59' lang='lat' dir='ltr'>cannata·</span> <span class='ocrx_word' id='word_1_286' title='bbox 1797 3827 1968 3861; x_wconf 80' lang='lat' dir='ltr'>novam</span> <span class='ocrx_word' id='word_1_287' title='bbox 2010 3810 2212 3860; x_wconf 80' lang='lat' dir='ltr'>Pindari</span> <span class='ocrx_word' id='word_1_288' title='bbox 2253 3808 2592 3858; x_wconf 72' lang='lat' dir='ltr'>recensionem·</span> 
     </span>
     <span class='ocr_line' id='line_1_36' title="bbox 393 3882 2574 3952; baseline 0.002 -24"><span class='ocrx_word' id='word_1_289' title='bbox 393 3896 600 3943; x_wconf 59' lang='grc' dir='ltr'>μικτος</span> <span class='ocrx_word' id='word_1_290' title='bbox 642 3897 804 3930; x_wconf 78' lang='lat' dir='ltr'>rerum</span> <span class='ocrx_word' id='word_1_291' title='bbox 831 3882 936 3947; x_wconf 82' lang='lat' dir='ltr'>ipse</span> <span class='ocrx_word' id='word_1_292' title='bbox 960 3886 1154 3950; x_wconf 74' lang='lat' dir='ltr'>privatin</span> <span class='ocrx_word' id='word_1_293' title='bbox 1175 3886 1343 3936; x_wconf 73' lang='lat' dir='ltr'>litteris</span> <span class='ocrx_word' id='word_1_294' title='bbox 1365 3888 1483 3935; x_wconf 81' lang='lat' dir='ltr'>mibi</span> <span class='ocrx_word' id='word_1_295' title='bbox 1528 3887 1828 3952; x_wconf 68' lang='lat' dir='ltr'>significavit,</span> <span class='ocrx_word' id='word_1_296' title='bbox 1847 3888 2050 3935; x_wconf 82' lang='lat' dir='ltr'>alienum</span> <span class='ocrx_word' id='word_1_297' title='bbox 2073 3901 2125 3933; x_wconf 83' lang='lat' dir='ltr'>se</span> <span class='ocrx_word' id='word_1_298' title='bbox 2146 3886 2207 3932; x_wconf 84' lang='lat' dir='ltr'>ab</span> <span class='ocrx_word' id='word_1_299' title='bbox 2251 3883 2343 3932; x_wconf 84' lang='lat' dir='ltr'>boc</span> <span class='ocrx_word' id='word_1_300' title='bbox 2376 3883 2574 3934; x_wconf 74' lang='lat' dir='ltr'>consilio</span> 
     </span>
     <span class='ocr_line' id='line_1_37' title="bbox 386 3958 2574 4026; baseline 0.002 -21"><span class='ocrx_word' id='word_1_301' title='bbox 386 3972 509 4006; x_wconf 73' lang='lat' dir='ltr'>esse.</span> <span class='ocrx_word' id='word_1_302' title='bbox 576 3958 757 4007; x_wconf 79' lang='lat' dir='ltr'>Audivi</span> <span class='ocrx_word' id='word_1_303' title='bbox 791 3967 969 4019; x_wconf 85' lang='lat' dir='ltr'>tamen,</span> <span class='ocrx_word' id='word_1_304' title='bbox 990 3962 1054 4010; x_wconf 86' lang='lat' dir='ltr'>ab</span> <span class='ocrx_word' id='word_1_305' title='bbox 1075 3979 1135 4011; x_wconf 84' lang='lat' dir='ltr'>eo</span> <span class='ocrx_word' id='word_1_306' title='bbox 1157 3973 1366 4013; x_wconf 82' lang='lat' dir='ltr'>curatam</span> <span class='ocrx_word' id='word_1_307' title='bbox 1403 3979 1507 4013; x_wconf 82' lang='lat' dir='ltr'>esse</span> <span class='ocrx_word' id='word_1_308' title='bbox 1551 3965 1697 4013; x_wconf 88' lang='lat' dir='ltr'>codd.</span> <span class='ocrx_word' id='word_1_309' title='bbox 1718 3964 1878 4013; x_wconf 74' lang='lat' dir='ltr'>Vatic-</span> <span class='ocrx_word' id='word_1_310' title='bbox 1920 3958 2118 4010; x_wconf 81' lang='lat' dir='ltr'>Pindari</span> <span class='ocrx_word' id='word_1_311' title='bbox 2151 3960 2574 4026; x_wconf 72' lang='lat' dir='ltr'>comparationem,</span> 
     </span>
     <span class='ocr_line' id='line_1_38' title="bbox 390 4034 2578 4106; baseline 0.004 -24"><span class='ocrx_word' id='word_1_312' title='bbox 390 4043 442 4082; x_wconf 77' lang='lat' dir='ltr'>et</span> <span class='ocrx_word' id='word_1_313' title='bbox 464 4034 771 4084; x_wconf 81' lang='lat' dir='ltr'>Guilielmum</span> <span class='ocrx_word' id='word_1_314' title='bbox 800 4035 975 4086; x_wconf 80' lang='lat' dir='ltr'>Clarke</span> <span class='ocrx_word' id='word_1_315' title='bbox 995 4039 1184 4088; x_wconf 80' lang='lat' dir='ltr'>codices</span> <span class='ocrx_word' id='word_1_316' title='bbox 1204 4039 1476 4090; x_wconf 71' lang='lat' dir='ltr'>Marcianos</span> <span class='ocrx_word' id='word_1_317' title='bbox 1515 4041 1723 4106; x_wconf 84' lang='lat' dir='ltr'>quinque</span> <span class='ocrx_word' id='word_1_318' title='bbox 1745 4039 2003 4089; x_wconf 73' lang='lat' dir='ltr'>contulisse</span> <span class='ocrx_word' id='word_1_319' title='bbox 2044 4037 2096 4086; x_wconf 87' lang='lat' dir='ltr'>in</span> <span class='ocrx_word' id='word_1_320' title='bbox 2117 4034 2381 4087; x_wconf 83' lang='lat' dir='ltr'>Chandleri</span> <span class='ocrx_word' id='word_1_321' title='bbox 2422 4055 2578 4091; x_wconf 76' lang='lat' dir='ltr'>usum.</span> 
     </span>
    </p>
   </div>
   <div class='ocr_carea' id='block_1_5' title="bbox 388 4111 2582 4388">
    <p class='ocr_par' dir='ltr' id='par_1_8' title="bbox 388 4111 2582 4331">
     <span class='ocr_line' id='line_1_39' title="bbox 391 4111 2582 4190; baseline 0.004 -30"><span class='ocrx_word' id='word_1_322' title='bbox 391 4111 608 4162; x_wconf 64' lang='lat' dir='ltr'>monebo</span> <span class='ocrx_word' id='word_1_323' title='bbox 628 4131 783 4179; x_wconf 79' lang='lat' dir='ltr'>porro,</span> <span class='ocrx_word' id='word_1_324' title='bbox 806 4132 869 4165; x_wconf 85' lang='lat' dir='ltr'>ne</span> <span class='ocrx_word' id='word_1_325' title='bbox 893 4118 942 4166; x_wconf 90' lang='lat' dir='ltr'>in</span> <span class='ocrx_word' id='word_1_326' title='bbox 972 4134 1181 4168; x_wconf 67' lang='lat' dir='ltr'>errorem</span> <span class='ocrx_word' id='word_1_327' title='bbox 1204 4120 1401 4177; x_wconf 78' lang='lat' dir='ltr'>incidas;</span> <span class='ocrx_word' id='word_1_328' title='bbox 1416 4120 1492 4170; x_wconf 84' lang='lat' dir='ltr'>Jo.</span> <span class='ocrx_word' id='word_1_329' title='bbox 1522 4137 1607 4170; x_wconf 77' lang='lat' dir='ltr'>mn</span> <span class='ocrx_word' id='word_1_330' title='bbox 1637 4122 1720 4169; x_wconf 79' lang='lat' dir='ltr'>der</span> <span class='ocrx_word' id='word_1_331' title='bbox 1752 4119 1927 4168; x_wconf 69' lang='lat' dir='ltr'>Duum</span> <span class='ocrx_word' id='word_1_332' title='bbox 1948 4115 2238 4190; x_wconf 66' lang='lat' dir='ltr'>Prodromugn</span> <span class='ocrx_word' id='word_1_333' title='bbox 2257 4133 2374 4168; x_wconf 72' lang='lat' dir='ltr'>nm</span> <span class='ocrx_word' id='word_1_334' title='bbox 2388 4116 2582 4168; x_wconf 73' lang='lat' dir='ltr'>Pindari</span> 
     </span>
     <span class='ocr_line' id='line_1_40' title="bbox 390 4189 2576 4275; baseline 0.002 -38"><span class='ocrx_word' id='word_1_335' title='bbox 390 4189 609 4253; x_wconf 68' lang='lat' dir='ltr'>editionis,</span> <span class='ocrx_word' id='word_1_336' title='bbox 626 4190 843 4258; x_wconf 71' lang='lat' dir='ltr'>Campis,</span> <span class='ocrx_word' id='word_1_337' title='bbox 869 4197 1012 4245; x_wconf 77' lang='lat'><strong>1⁷69.</strong></span> <span class='ocrx_word' id='word_1_338' title='bbox 1052 4200 1101 4247; x_wconf 74' lang='grc' dir='ltr'>Β.</span> <span class='ocrx_word' id='word_1_339' title='bbox 1125 4195 1185 4246; x_wconf 82' lang='lat' dir='ltr'>ad</span> <span class='ocrx_word' id='word_1_340' title='bbox 1206 4196 1465 4275; x_wconf 73' lang='lat' dir='ltr'>Epitomun</span> <span class='ocrx_word' id='word_1_341' title='bbox 1487 4198 1656 4250; x_wconf 74' lang='lat' dir='ltr'>Iliadis</span> <span class='ocrx_word' id='word_1_342' title='bbox 1675 4210 1924 4263; x_wconf 75' lang='lat' dir='ltr'>perperam</span> <span class='ocrx_word' id='word_1_343' title='bbox 1959 4193 2049 4244; x_wconf 84' lang='lat' dir='ltr'>hoc</span> <span class='ocrx_word' id='word_1_344' title='bbox 2080 4193 2269 4244; x_wconf 68' lang='lat' dir='ltr'>nomine</span> <span class='ocrx_word' id='word_1_345' title='bbox 2305 4192 2576 4255; x_wconf 61' lang='lat' dir='ltr'>inscriptum</span> 
     </span>
     <span class='ocr_line' id='line_1_41' title="bbox 388 4277 628 4331; baseline 0.013 -16"><span class='ocrx_word' id='word_1_346' title='bbox 388 4277 628 4331; x_wconf 67' lang='lat' dir='ltr'>spectare.</span> 
     </span>
    </p>

    <p class='ocr_par' dir='ltr' id='par_1_9' title="bbox 524 4347 1579 4388">
     <span class='ocr_line' id='line_1_42' title="bbox 524 4347 1579 4388; baseline 0.007 -7"><span class='ocrx_word' id='word_1_347' title='bbox 524 4347 636 4386; x_wconf 72' lang='lat' dir='ltr'>vex..</span> <span class='ocrx_word' id='word_1_348' title='bbox 660 4348 697 4388; x_wconf 77' lang='grc' dir='ltr'>ι.</span> <span class='ocrx_word' id='word_1_349' title='bbox 1556 4354 1579 4388; x_wconf 77' lang='lat' dir='ltr'>e</span> 
     </span>
    </p>
   </div>
  </div>
 </body>
</html>
