3175 5250
622 468 838 569 ..μκή
1415 463 1544 531 PR
1567 443 2034 534 AEFAcrlo.

612 721 622 732 .
650 677 755 751 qui
809 674 1080 733 certatim
1124 671 1273 729 alter
1318 666 1393 730 a‘d
1456 671 1704 730 verbum
1756 672 2228 747 interpretando,
2283 674 2436 732 alter
2488 682 2814 738 sententias

646 770 902 826 omnino
946 764 1262 833 reddendo,
1306 765 1367 821 in
1418 762 1672 821 Pindaro
1727 765 2010 822 vertendo
2058 773 2119 823 et
2167 765 2519 826 illustrando
2565 766 2817 830 desuda-

648 866 806 917 runt.
887 858 1054 918 Alter
1097 867 1187 915 est
1243 858 1570 922 (Ιιαόαποη,
1622 855 1961 915 Academiae
2006 856 2160 935 Reg.
2201 857 2389 919 Inscr.
2430 869 2491 929 et
2532 862 2813 941 Elegant.

567 1015 573 1019 ,
646 952 795 1037 tht.
836 952 1089 1020 Sodalis,
1152 954 1275 1027 qni,
1322 970 1455 1027 quae
1505 951 1768 1027 primum
1824 952 1889 1008 in
1948 950 2408 1010 Commentariis
2466 955 2813 1030 (Memoires

620 1046 719 1104 de
744 1044 1100 1104 l’Academie
1117 1044 1219 1103 des
1242 1045 1289 1104 1.
1311 1052 1373 1102 et
1387 1043 1458 1101 B.
1485 1042 1584 1118 L.)
1629 1052 1773 1103 tom.
1822 1044 2006 1102 xxxii.
2029 1052 2090 1102 et
2115 1063 2294 1103 xxxv.
2322 1047 2617 1124 vulgarat,
2640 1067 2818 1126 supe-

646 1140 798 1197 riore
825 1157 989 1198 anno
1001 1139 1290 1216 singulari
1312 1138 1516 1195 libello
1543 1139 1781 1196 emisit:
1818 1138 1927 1194 Les
1956 1139 2098 1194 Odes
2111 1136 2425 1214 Pythiques
2445 1143 2514 1198 de
2538 1141 2812 1212 Pindare,

648 1234 916 1290 traduites
951 1242 1082 1289 a’vec
1121 1233 1214 1288 des
1242 1233 1595 1305 Remarques.
1624 1230 1757 1297 Par.
1793 1230 1970 1292 1772.
1999 1232 2054 1289 8.
2084 1232 2393 1306 praemissa
2410 1234 2817 1308 disputatione

643 1342 821 1399 super
837 1324 1291 1399 carmiuelyrico
1315 1332 1376 1381 et
1398 1323 1731 1381 Pindarico.
1788 1323 1942 1383 Cum
1966 1325 2335 1382 essentinter
2350 1325 2577 1394 Gallos,
2592 1329 2814 1401 quibus

614 1456 623 1463 -
644 1435 716 1475 ea
731 1417 922 1474 versio
936 1416 1008 1474 ad
1026 1417 1271 1474 verbum
1289 1415 1450 1474 facta
1465 1417 1765 1490 nimisque
1779 1416 2057 1473 adstricta
2068 1416 2291 1475 Graecis
2310 1419 2610 1478 videretur
2632 1445 2647 1491 ;
2680 1439 2815 1479 suc-

616 1511 818 1568 -cessit
847 1510 996 1568 alius
1014 1512 1105 1568 vir
1124 1509 1354 1576 doctus,
1383 1510 1485 1584 qui
1515 1509 1790 1566 liberiore
1817 1511 2027 1584 spiritu
2053 1510 2265 1578 efferri,
2294 1520 2376 1580 et,
2406 1514 2715 1571 sententiis
2740 1514 2814 1571 ad

643 1604 890 1663 Gallicae
908 1606 1194 1662 orationis
1216 1605 1467 1682 genium
1489 1604 1800 1672 revocatis,
1819 1602 2113 1662 Pindarici
2137 1607 2420 1664 carminis
2437 1607 2560 1663 vim
2583 1607 2811 1682 assequi

642 1699 825 1757 videri
842 1699 1035 1758 voluit
1050 1698 1202 1758 libro
1225 1701 1341 1758 hoc
1365 1721 1379 1757 ε
1424 1699 1588 1756 Εεεαὶ
1603 1717 1704 1756 sur
1715 1699 1981 1756 Pindare.
2044 1700 2353 1758 Contenant
2371 1722 2477 1761 une
2501 1708 2812 1764 traduction

640 1795 709 1851 de
723 1794 975 1869 quelques
991 1795 1354 1852 Odes—avec
1379 1811 1487 1850 une
1505 1793 1752 1867 Anatyse
1777 1794 2063 1851 raisonne‘e
2090 1802 2142 1851 et
2155 1796 2246 1851 des
2270 1796 2442 1852 Noter
2468 1792 2808 1874 historiques,

639 1892 918 1964 poetiques
946 1894 1000 1944 et
1036 1888 1509 1960 grammaticales.
1588 1883 1673 1940 Le
1702 1892 1823 1941 tout
1846 1886 2077 1960 pre'ce‘de'
2092 1887 2523 1963 d’un·Discours
2548 1908 2644 1945 sur
2666 1891 2805 1947 Pin-

638 1982 774 2039 dare
796 1988 851 2058 et
874 1998 969 2036 sm·
990 1980 1048 2034 la
1074 1996 1246 2053 vraye
1267 1981 1510 2034 muniere
1549 1978 1618 2033 de
1661 1978 1712 2034 le
1755 1980 2019 2036 lraduire.
2104 1977 2234 2035 Par
2263 1980 2378 2038 Mr.
2426 1980 2801 2052 Vauvilliers,

639 2072 874 2129 Lec'teur
900 2078 956 2128 et
985 2070 1142 2145 Prqf.
1173 2070 1252 2126 R.
1279 2089 1428 2145 pour
1457 2073 1515 2126 la
1544 2070 1777 2144 Langue
1808 2072 2066 2145 Grecque.
2089 2071 2221 2130 Par.
2255 2072 2420 2135 1772.
2446 2075 2503 2132 8.

718 2164 1046 2222 Probamus
1095 2162 1406 2220 doctorum
1451 2165 1714 2221 virorum
1763 2163 2051 2229 studium,
2097 2167 2390 2224 sermonis
2422 2168 2597 2242 patrii
2638 2184 2803 2223 amo-

636 2273 781 2324 rem,
802 2252 1131 2329 judiciique
1172 2255 1560 2332 elegantiam,
1603 2256 1663 2314 in
1704 2259 1889 2315 altero
1936 2257 2115 2323 etiam
2161 2260 2622 2335 grammaticum
2660 2278 2798 2317 acu-

614 2364 779 2408 -men
811 2369 826 2406 2
886 2349 989 2405 sed
1032 2348 1330 2406 nollemus
1373 2368 1595 2408 vanam
1626 2349 1900 2408 consumi
1925 2367 2167 2423 operam
2198 2351 2262 2407 in
2294 2350 2700 2408 transferendo
2728 2368 2801 2407 eo

635 2449 828 2517 poeta,
857 2442 965 2517 qui,
990 2440 1158 2499 nullo
1188 2442 1366 2499 modo
1408 2443 1526 2500 alia
1552 2444 1767 2521 lingna
1793 2441 1955 2499 reddi
1985 2448 2182 2517 potest
2207 2468 2224 2513 3
2279 2442 2470 2498 multo
2500 2443 2699 2499 minus
2727 2459 2798 2498 ea

631 2537 865 2614 lingua,
892 2555 1027 2612 quoe
1054 2539 1329 2596 omnium
1357 2541 1617 2596 maxime
1644 2558 1681 2596 a
1707 2537 2024 2595 Pindarica
2054 2538 2139 2603 vi,
2157 2536 2413 2593 audacia
2442 2543 2501 2593 et
2525 2535 2796 2594 sublimi-

631 2638 757 2690 tate
785 2634 1078 2691 abhorret.
1725 2669 1732 2682 ι

711 2724 879 2782 Inter
931 2724 1253 2783 Britannos
1317 2726 1529 2783 Gilbert
1592 2725 1785 2782 Westii
1853 2726 2263 2799 interpretatio
2317 2723 2585 2782 Odarnm
2641 2742 2796 2782 non-

632 2819 926 2907 nullarum
959 2819 1222 2895 (Olymp.
1250 2820 1291 2878 i.
1319 2820 1388 2878 ii.
1416 2820 1497 2876 iii.
1529 2837 1584 2878 v.
1613 2820 1716 2876 vii.
1738 2819 1816 2876 xi.
1852 2819 1958 2877 xii.
1983 2821 2103 2876 xiv.
2145 2817 2319 2892 Pyth.
2347 2819 2387 2874 i.
2415 2817 2591 2876 Nem.
2629 2819 2670 2875 i.
2709 2820 2792 2874 xi.

630 2912 843 2970 Isthm·.
886 2911 978 2987 ii.)
1026 2910 1222 2971 Lond.
1257 2913 1434 2975 1749.
1477 2912 1537 2971 8.
1568 2911 1816 2970 celebris
1844 2912 2129 2969 habetur:
2182 2912 2278 2967 cui
2308 2910 2586 2968 successit
2612 2911 2790 2969 Henr.

512 3069 523 3078 ,
616 3006 722 3065 ..Ῑο.
779 3002 909 3082 Pye
962 3012 1024 3064 et
1082 3004 1201 3064 Ed.
1254 3007 1519 3083 Barnaby
1583 3007 1762 3064 Green
1807 3006 1980 3063 docta
2033 3022 2210 3081 opera
2263 3001 2326 3061 in
2358 3012 2492 3061 tota
2530 3002 2794 3071 Pindaro

626 3098 1012 3157 redhibendo.
1098 3097 1211 3157 Sed
1242 3117 1349 3156 nec
1380 3100 1484 3157 has
1514 3117 1622 3157 nec
1650 3099 2058 3166 Germanicas,
2089 3102 2235 3172 quas
2270 3095 2580 3163 habemus,
2609 3097 2787 3154 inter-

625 3193 988 3267 pretationes
1017 3199 1297 3248 excutere
1325 3203 1386 3248 et
1413 3209 1755 3266 comparare
1778 3191 1921 3248 satis
1950 3189 2272 3266 diligenter
2314 3189 2507 3257 licuit,
2531 3194 2598 3246 ut
2621 3188 2789 3264 quic-

625 3300 807 3358 quam
836 3282 909 3339 de
949 3284 1022 3340 iis
1055 3289 1185 3341 tuto
1213 3284 1603 3357 pronuntiare
1649 3284 1840 3342 ausim
1856 3282 1915 3338 ⁴*-
1997 3282 2092 3338 Ex
2113 3280 2404 3348 Dammii,
2430 3283 2542 3339 viri
2571 3282 2788 3339 doctis-

535 3387 547 3400 ‘
622 3374 983 3440 simi,totius
1005 3381 1194 3447 poetoe
1219 3374 1711 3449 interpretatione
1725 3392 1850 3432 non
1873 3375 2084 3433 dubito
2111 3374 2477 3432 adminicula
2501 3375 2788 3447 interpre-

624 3465 870 3524 tationis
890 3465 1180 3524 nonnulla
1206 3468 1427 3542 passim
1458 3468 1578 3542 peti
1606 3485 1797 3542 posse,
1816 3471 1887 3526 ἐἰ
1932 3470 2070 3545 quis
2109 3469 2177 3526 in
2218 3464 2499 3524 subsidiis
2521 3464 2788 3521 externis

625 3558 811 3616 bonas
838 3558 1012 3616 horas
1043 3557 1302 3633 perdere,
1336 3577 1446 3618 nec
1474 3578 1550 3618 ex
1569 3561 1698 3637 ipso
1718 3563 1926 3638 potius
1950 3570 2128 3639 poeta
2156 3577 2358 3635 sapere
2382 3556 2674 3615 maluerit.

703 3650 977 3710 Omnino
1022 3652 1319 3727 equidem,
1368 3654 1470 3729 qui
1517 3653 1755 3713 laudem
1802 3674 2100 3714 summam
2141 3652 2339 3712 studio
2379 3650 2521 3709 huic
2567 3651 2787 3719 tribuo,

620 3764 884 3830 operam,
913 3746 971 3824 in
1006 3744 1192 3820 lyrico
1240 3752 1417 3821 poeta
1458 3747 1523 3805 in
1564 3749 1826 3823 patrium
1867 3731 2207 3806 sermonem
2248 3744 2682 3812 transferendo,
2711 3744 2790 3812 ei,

619 3842 723 3915 qui
752 3859 883 3899 eam
912 3838 1193 3914 suscepit,
1234 3839 1412 3898 video
1440 3857 1568 3899 esse
1593 3859 1766 3918 posse
1791 3842 1976 3915 longe
2016 3841 2400 3899 utilissimam
2439 3837 2513 3895 ad
2559 3853 2783 3895 sermo-

512 3921 518 3930 ’
619 3951 773 4014 nem⁸
815 3937 1073 4011 patrium
1116 3933 1465 4012 poliendum
1522 3942 1583 3993 et
1632 3932 1993 3999 ornandum,
2050 3933 2487 4007 poeticamque,
2535 3930 2782 4006 lyricam

685 4123 715 4153 ³
758 4121 1055 4174 Enumeratoe
1078 4127 1153 4175 hoe
1181 4128 1420 4177 versiones
1441 4135 1550 4176 sunt
1582 4125 1633 4173 in
1653 4125 1820 4174 eadem
1854 4119 2083 4170 Biblioth.
2112 4136 2182 4185 gr.
2212 4121 2276 4169 ab
2309 4119 2529 4169 Har-lesio
2553 4120 2588 4171 Ι.
2611 4120 2644 4170 1.
2675 4135 2783 4186 pag.

614 4203 696 4249 ⁷6.
716 4200 801 4248 ⁷7.
835 4209 884 4247 et
905 4216 932 4248 a
955 4201 1305 4268 Blankenburg.
1337 4205 1397 4252 ad
1420 4204 1595 4252 Sulzer.
