3175 5250
1056 546 1674 619 PRAEFATIO·
2381 557 2560 627 mg.

362 796 373 803 .
450 733 959 832 interpretatio
988 737 1071 811 in
1107 734 1430 811 Pindaro
1464 754 1942 834 nequaquam
1997 737 2257 811 critica
2305 756 2532 839 opera
2616 730 2622 741 ’

351 848 653 927 inferior
684 860 793 925 cst
812 850 1175 939 habenda,
1201 852 1390 950 quin
1410 852 1657 949 potius
1677 853 2006 927 criticam
2029 853 2531 945 subtilitatem,

351 984 523 1059 quae
551 964 945 1037 verborum
1011 971 1088 1038 et
1150 964 1452 1063 apicum
1512 964 1820 1062 vestigia
1871 964 2203 1050 rimatur,
2275 968 2532 1044 multis

348 1073 1013 1163 modisantecellit,
1048 1077 1439 1173 multoque
1480 1077 1697 1174 plura
1746 1076 2079 1179 requirit,
2134 1100 2304 1175 quae
2352 1102 2530 1154 cum
2603 1172 2608 1179 ρ

347 1194 685 1258 accurata
709 1208 861 1259 non
892 1186 1117 1261 modo
1142 1210 1551 1283 graecarum
1584 1186 1995 1263 litterarum
2037 1188 2376 1273 scientia,
2410 1213 2530 1263 ve-
2646 1232 2650 1236 »

347 1316 514 1376 ‚rum
546 1298 769 1371 etiam
800 1323 979 1373 cum
1006 1298 1289 1397 ingenii
1334 1299 1585 1396 aliqua
1611 1300 1717 1384 vi,
1752 1299 2346 1396 phantasmatum
2405 1325 2531 1374 au-

356 1407 589 1493 dacia,
622 1408 1011 1509 lyricoque
1034 1410 1281 1483 afflatu
1310 1420 1385 1483 et
1427 1434 1915 1485 numerorum
1975 1410 2528 1509 modorumque

348 1542 571 1593 sensu
604 1520 1000 1615 conjuncta
1049 1532 1244 1595 sunt.
1347 1523 1536 1602 Quae
1574 1523 1881 1622 quidem
1905 1524 1988 1596 in
2020 1546 2172 1596 uno
2226 1521 2529 1601 homine

347 1654 515 1704 esse
566 1632 785 1707 facile
843 1636 1091 1709 omnia
1119 1635 1251 1709 vix
1290 1636 1631 1710 arbitror.
1736 1636 1909 1715 Quo
1977 1635 2214 1729 magis
2267 1632 2529 1711 divisis

347 1746 562 1841 quasi
590 1766 901 1842 operum
924 1749 1212 1822 vicibus
1232 1746 1678 1823 conferenda
1705 1754 1882 1819 sunt
1908 1770 1953 1818 a
1977 1744 2319 1841 singulis,
2356 1768 2530 1840 quae

348 1878 488 1954 pro
521 1856 716 1930 virili
752 1859 1077 1956 quisque
1111 1869 1454 1955 praestare
1487 1867 1748 1957 potest.
1851 1855 2114 1953 Itaque
2168 1855 2522 1931 constitui

345 1968 524 2042 olim
570 1970 983 2067 aliquando
1015 1973 1162 2045 alio
1184 1972 1584 2057 volumine,
1611 1972 1852 2043 sinon
1897 1966 2526 2045 commentarium

344 2092 818 2179 perpetuum,
842 2084 1186 2157 locorum
1228 2092 1481 2156 tamen
1512 2081 2064 2179 praecipuorum
2105 2078 2528 2153 illustratio-

344 2214 548 2279 nem,
582 2192 1235 2292 difficiliorumque
1304 2188 1824 2267 enodationem
1885 2191 2281 2287 subjicere,
2334 2198 2410 2265 et
2460 2192 2523 2265 si

350 2327 502 2401 qua
524 2306 687 2393 alia,
722 2308 945 2381 etiam
994 2307 1233 2381 critici
1266 2306 1583 2404 generis,
1613 2304 1878 2379 sivein
1922 2301 2526 2379 enarrationibus

340 2418 668 2514 publicis
694 2421 851 2494 sive
901 2421 981 2493 in
1012 2419 1350 2492 virorum
1405 2419 1798 2493 doctorum
1850 2415 2146 2514 scriptis
2192 2436 2529 2493 occurre-2

337 2532 511 2618 rint,
532 2531 829 2608 addere.
941 2531 1168 2605 Haud
1201 2533 1401 2604 enim
1446 2531 1884 2628 ignorabam
1922 2529 2002 2601 in
2025 2526 2522 2601 recentiorum

335 2646 764 2734 criticorum
795 2647 1087 2746 scriptis
1117 2665 1501 2718 occurrere
1558 2629 1941 2728 nonnulla,
2007 2641 2088 2713 in
2152 2635 2526 2710 veteribus

333 2781 513 2834 vero
547 2762 1050 2858 grammaticis
1071 2761 1235 2848 alia,
1272 2760 1545 2857 quibus
1566 2757 1788 2831 lectio
1821 2765 1897 2829 et
1950 2751 2311 2827 sententia
2348 2746 2525 2824 Pin-

332 2871 584 2947 darica
635 2868 982 2948 illustrari
1029 2881 1183 2970 aut‘
1212 2871 1633 2945 confirmari
1699 2868 1975 2967 possit3
2027 2866 2108 2940 in
2172 2862 2290 2935 his
2337 2884 2524 2954 ¹vero

332 2987 867 3084 conquirendis
900 3009 1101 3060 nunc
1134 2984 1467 3059 desidere
1499 2981 1870 3055 nolebam.
1972 2975 2285 3070 Recepit
2347 2995 2523 3044 vero

338 3121 514 3171 eam
544 3122 834 3195 operam
867 3101 947 3174 in
980 3122 1060 3173 se
1091 3120 1290 3171 unus
1331 3119 1426 3169 ex
1457 3090 1946 3168 familiaribus
2012 3094 2086 3159 et
2148 3082 2526 3156 sodalibus

339 3208 740 3284 Seminarii
774 3210 1226 3308 philologici,
1284 3206 1428 3283 J0.
1474 3201 1736 3279 Gom.
1801 3194 2234 3276 Schneider
2254 3197 2327 3280 ²¹⁸²,
2387 3194 2521 3290 qui

321 3339 613 3417 graecae
645 3321 1143 3418 exquisitioris
1173 3318 1490 3415 alicujus
1546 3315 1903 3389 doctrinae
1934 3307 2340 3411 specimina
2358 3304 2519 3399 jam

320 3433 639 3532 publice
664 3435 1075 3533 proposuit,
1145 3432 1516 3530 idemque,
1573 3452 1668 3502 ex
1721 3449 1874 3525 quo
1906 3434 2239 3521 tempore
2273 3418 2520 3492 nobis-

322 3571 511 3622 cum
548 3548 757 3634 vixit,
785 3546 1173 3644 ingenium
1210 3567 1427 3618 suum
1466 3541 1560 3615 ad
1595 3563 1759 3614 eam
1817 3535 2346 3612 humanitatem
2380 3530 2520 3606 fin-

318 3776 641 3848 nomine
674 3797 809 3846 suo
832 3798 878 3845 a
903 3773 1118 3846 nobis
1152 3770 1491 3867 exigunt.
1528 3747 1535 3756 ’
1572 3765 1782 3838 ldem
1814 3758 2284 3835 doctissimus
2306 3753 2522 3846 juve-

313 3891 437 3963 nis
460 3887 1053 3983 fragmentorum
1080 3881 1383 3960 Pindari
1402 3877 1706 3974 collegit
1723 3879 2151 3973 apparatum
2165 3866 2389 3958 longe
2400 3884 2523 3934 co-

310 4001 732 4098 piosiorem
758 4022 871 4086 eo,
898 4021 1126 4096 quem
1160 3995 1460 4093 primus
1484 3999 1652 4091 post
1672 3987 1913 4062 Mich.
1953 3977 2388 4056 Neandrum
2422 3972 2518 4047 ad

314 4115 611 4186 calcem
676 4111 1146 4206 Aristologiae
1178 4105 1595 4181 Pindaricae
1651 4099 2094 4196 Stephanus,
2127 4099 2211 4163 et
2264 4111 2522 4162 secun-

313 4225 522 4298 dum
564 4247 741 4298 eum
770 4219 1223 4297 *Schmidius
1253 4242 1428 4294 cum
1488 4210 2047 4294 oxoniensibus
2092 4202 2518 4300 vulgarunt.

306 4336 606 4413 Indicis
632 4336 937 4413 Pindari
961 4333 1063 4411 ad
1093 4341 1367 4408 certam
1382 4332 1741 4404 rationem
1769 4315 2205 4409 conficiendi
2237 4321 2520 4413 partem
