3175 5250
770 0 1632 17 *⁷——ff-W—rrr—-wwr——rss--v--‘
1667 0 2040 11 w

97 0 110 317 μ
1652 54 1658 63 ι

1602 284 1605 295 ι

993 486 1008 499 ·
1652 502 1661 509 e

1720 546 1729 555 u

1334 1062 1816 1196 HTeIA.

1417 1393 1738 1449 amorr-

577 1639 1578 1770 ΑΡΚΕΣΙΛΑΩ.
1692 1651 2598 1768 ΚΥΡΗΝΑΙῼ,

1366 1994 1794 2056 ΑΡΜΑΤΙ.

1197 2258 1364 2265 -,-η>»-

1215 2521 1549 2588 ARGUM
1559 2521 1925 2590 ENTUM.

490 2713 569 2778 ΙΝ
613 2709 931 2794 Arcesilai,
957 2707 1126 2792 regis,
1152 2706 1443 2794 Cyrenes„
1477 2709 1777 2775 honorem
1808 2731 2057 2776 carmen
2102 2735 2167 2777 se
2213 2715 2467 2816 aggredi
2512 2739 2656 2803 pro-

486 2802 704 2881 fessus,
733 2797 971 2877 statim,
1018 2795 1289 2880 Cyrenes
1323 2795 1642 2861 mentione
1672 2798 1859 2872 facta,
1890 2797 2067 2884 quasi
2092 2821 2357 2865 numme
2388 2803 2659 2885 afflatus,

489 2886 567 2949 ad
595 2885 861 2970 origines
890 2883 1157 2948 coloniae
1200 2883 1609 2967 progreditur,
1652 2890 1716 2945 et
1744 2881 1995 2949 Medeae
2023 2884 2382 2951 vaticinium
2414 2908 2659 2954 memo-

493 2979 588 3034 rat
648 2971 1009 3055 Euphemo,
1060 2968 1171 3034 uni
1230 2989 1309 3032 ex
1361 2968 1766 3054 Argonautis,
1826 2970 2242 3036 datum—94.
2328 2971 2664 3058 subjuncta

493 3056 683 3121 simul
703 3055 1223 3142 interpretatione
1265 3075 1354 3119 ex
1395 3054 1646 3120 oraculo
1677 3055 1803 3119 Del
1849 3056 1946 3121 his
1978 3057 2166 3120 Batto
2194 3056 2343 3123 dato
2383 3057 2462 3122 de
2490 3060 2661 3122 colo-

492 3142 600 3206 nia
630 3142 987 3231 insLibyam
1015 3141 1626 3206 deducenda—118.
1714 3141 1791 3205 In
1836 3164 1871 3206 e
1898 3139 2176 3207 fab‘ulam
2206 3142 2284 3207 de
2329 3146 2659 3228 Argonau-

492 3236 698 3292 tarum
769 3228 1142 3313 profectione
1209 3228 1447 3293 orditur
1461 3233 1727 3308 3—438.
1816 3229 1927 3294 ubi
1992 3228 2195 3293 occiso
2267 3229 2534 3296 dracone
2591 3238 2657 3295 et

491 3314 719 3377 vellere
777 3322 1137 3399 recuperato
1204 3314 1440 3399 reliqua
1509 3312 1796 3380 brevibus
1856 3314 2296 3402 complectitur
2364 3316 2444 3382 ad
2501 3318 2651 3393 467.

490 3399 650 3464 Inde
681 3402 841 3464 bona
885 3400 1122 3464 monita
1162 3399 1511 3486 subjungit.
1603 3400 1720 3465 Est
1748 3422 1996 3466 carmen
2040 3402 2225 3467 solito
2259 3402 2527 3488 longius,
2556 3405 2691 3468 fa·-

488 3487 702 3551 hulam
734 3495 1104 3573 argumento
1133 3489 1552 3567 substernens,
1572 3509 1716 3572 quae
1744 3487 2141 3573 adoriginem
2175 3490 2382 3573 gentis
2411 3489 2661 3555 Battia-

487 3573 706 3639 darum
739 3575 1034 3660 praeclare
1077 3571 1555 3637 accommodata
1599 3583 1715 3653 est,
1746 3584 1809 3648 et
1851 3573 1931 3638 ad
1962 3575 2082 3640 hoc
2111 3575 2447 3656 consilium
2477 3577 2663 3643 unice

489 3669 766 3747 spectare
797 3660 1058 3724 videtur.
1147 3658 1443 3723 Carmina
1471 3658 1575 3722 lon
1625 3658 1774 3737 iora,
1796 3661 1860 3722 in
1891 3662 2118 3743 quibus
2137 3661 2354 3745 Mythi
2384 3683 2660 3746 expone-

484 3758 719 3826 rentur,
774 3748 949 3810 fuere
1003 3746 1203 3830 plura,
1251 3744 1534 3830 inprimis
1634 3743 1949 3831 tesichori.
2036 3747 2356 3835 Subjecta'
2381 3757 2591 3811 autem
2622 3767 2662 3810 a

486 3839 636 3908 467:
671 3834 837 3898 bona
869 3832 1129 3898 consilia
1180 3840 1245 3896 et
1296 3829 1536 3895 monita
1563 3829 1727 3893 haud
1771 3851 1990 3930 parum
2036 3854 2074 3896 a
2119 3841 2338 3908 natura
2367 3829 2662 3896 carminis

488 3919 665 4001 lyrici
693 3919 1032 3998 recedunt3
1080 3940 1198 3983 nec
1228 3916 1523 3981 satisfacit
1552 3915 1708 3981 ratio
1729 3915 1841 3979 vui
1869 3915 2041 3981 docti
2062 3916 2293 4003 alioqui
2320 3915 2664 3999 ingeniosa,

497 4014 637 4085 qua'
664 4025 914 4069 carmen
961 4004 1048 4068 ita
1090 4003 1389 4083 defendit,
1436 4013 1511 4066 ut
1555 4000 1927 4085 Damophili
1968 4023 2230 4087 persona
2274 4011 2662 4085 comparetur

495 4108 641 4150 cum
670 4088 925 4170 Jasone,
955 4100 1022 4154 et
1063 4090 1143 4155 ad
1185 4092 1354 4156 hunc
1396 4109 1643 4154 summa
1673 4085 1964 4152 carminis
1994 4090 2289 4152 referatur
2309 4109 2331 4166 3
2377 4106 2517 4150 eam
2560 4108 2659 4152 re-

486 4173 650 4236 fellit
676 4182 880 4239 toturn
913 4177 1211 4243 carminis
1227 4184 1666 4279 argumentum
1697 4183 1761 4237 et
1793 4171 2128 4238 consilium
2161 4172 2241 4238 ad
2268 4171 2662 4240 Arcesilam

489 4266 835 4409 spectzlzjns.h
891 4259 1060 4328 Sunt
1101 4286 1246 4331 vero
1280 4261 1507 4328 similia
1536 4259 1813 4327 carmina
1854 4255 2112 4344 adjectis
2139 4261 2257 4325 sub
2283 4258 2473 4325 finem
2515 4280 2657 4325 mo-

493 4343 642 4409 nitis
725 4352 792 4429 yt
842 4393 857 4410 .
890 4348 934 4411 i.
969 4350 1036 4414 ii.
1281 4357 1290 4368 '
1652 4349 1665 4364 “
2646 4361 2653 4370 ’
