3175 5250
2730 0 3121 469 Ἴ

624 491 733 584 xl⁸
1012 534 1013 537 κ
1417 434 2030 552 PRAEFATIO.

511 716 515 725 ·
633 705 776 765 opes
804 686 1158 746 Bodleianas
1196 685 1429 744 illatum
1467 702 1613 742 esse.
1696 681 1919 742 Praeter
1956 683 2065 741 hos
2091 681 2324 740 codices
2358 679 2488 755 jam
2518 701 2797 745 excussos

630 783 812 841 habet
860 779 1226 838 bibliotheca
1272 777 1530 853 Collegii
1579 777 1640 835 S.
1683 776 2042 835 Emanuelis
2094 775 2501 853 Cantabrigiae
2554 775 2800 834 Pindari

631 875 850 932 librum
880 873 1192 947 scriptum,
1220 871 1324 946 qui
1353 889 1389 928 a
1416 869 1647 947 Pythiis
1676 869 1887 946 incipit
1918 892 1932 927 ε
1985 875 2048 926 et
2089 868 2337 926 ecclesia
2385 869 2802 929 Westmonas-

630 964 897 1023 teriensis
939 964 1147 1032 alium,
1190 964 1294 1038 qui
1339 956 1643 1040 Olympia,
1697 961 1916 1037 Pythia
1956 970 2017 1020 et
2054 960 2285 1019 Nemea
2324 960 2800 1036 comprehendit.

633 1055 836 1114 Etiam
867 1054 1105 1114 Pindari
1128 1057 1479 1132 particulam
1502 1073 1642 1114 cum
1671 1055 1912 1113 scholiis
1931 1054 2192 1131 possedit
2218 1055 2365 1112 olim
2393 1055 2508 1113 Th.
2535 1056 2704 1114 Gale.

713 1151 876 1210 Inter
931 1150 1009 1208 Is.
1064 1149 1261 1214 Vossii
1325 1149 1510 1207 libros
1540 1168 1547 1175 ·
1582 1156 1700 1206 tres
1755 1151 2002 1223 scriptos
2052 1147 2284 1205 codices
2330 1147 2573 1206 Pindari
2621 1156 2806 1207 nacta

633 1250 723 1301 est
770 1244 1133 1303 bibliotheca
1180 1241 1510 1310 Leideusis,
1562 1259 1755 1299 unum
1811 1241 2267 1316 bombycinum,
2315 1238 2605 1315 Olympia
2659 1258 2801 1298 cum
2836 1265 2840 1269 ·

631 1336 891 1405 scholiis,
953 1336 1073 1392 duo
1123 1335 1379 1410 reliquos
1434 1336 1799 1402 chartaceos,
1856 1334 2114 1392 alterum
2178 1333 2484 1419 Olympia,
2546 1334 2800 1390 alterum

631 1427 848 1504 Pythia
873 1446 1009 1486 cum
1034 1428 1246 1486 iisdem
1275 1429 1617 1505 complexios
1644 1450 1656 1486 ε
1730 1445 1964 1495 omnes,
2005 1434 2301 1503 quantum
2345 1425 2586 1501 quidem
2617 1426 2802 1483 intel-

627 1525 777 1600 ligo,
809 1524 1192 1596 recentiores3
1238 1542 1358 1599 qua
1384 1525 1458 1582 de
1500 1542 1561 1581 re
1603 1531 1806 1581 tamen
1850 1524 1992 1579 viris
2033 1522 2099 1579 in
2140 1521 2354 1578 litteris
2382 1520 2608 1577 Graecis
2636 1521 2803 1597 prin-

559 1686 565 1693 θ
628 1618 883 1693 cipibus,
908 1614 1303 1674 Valckenario
1325 1624 1389 1673 et
1414 1612 1807 1684 Ruhnkenio,
1831 1615 2020 1672 nostri
2040 1610 2486 1683 amantissimis,
2501 1608 2801 1685 judicium

571 1785 579 1794 ·
634 1710 1046 1786 relinquimus

709 1814 1086 1873 Bibliotheca
1142 1815 1342 1894 Regia
1395 1814 1593 1892 (nunc
1652 1813 1850 1890 Reip.·
1875 1813 2106 1882 Franc)
2156 1813 2494 1871 parisiensis
2552 1814 2799 1874 Pindari

631 1905 864 1964 codices
888 1907 1067 1964 habet
1094 1907 1167 1964 sd
1211 1908 1489 1966 tredecim
1516 1931 1531 1964 ε
1578 1915 1649 1964 ut
1675 1908 1895 1963 mirum
1936 1907 2036 1973 sit,
2067 1924 2178 1963 nec
2207 1905 2647 1964 Chabanonum
2690 1925 2806 1966 nec

628 1997 1066 2055 Vauvillerium
1090 1998 1163 2055 de
1185 1998 1559 2072 inspiciendo
1586 1997 1740 2054 libro
1768 1997 1986 2071 scripto
2009 1997 2324 2072 cogitasse.
2401 1996 2800 2055 Omnes‘sunt

628 2097 895 2146 recentes
922 2091 1086 2155 satis,
1129 2090 1412 2171 nonnulli
1441 2089 1847 2147 recentissimi.
1928 2088 2204 2164 Plerique
2232 2088 2512 2165 Olympia
2534 2097 2799 2159 tantum,

629 2181 729 2239 alii
760 2180 965 2238 eadem
1006 2198 1144 2237 cum
1186 2180 1536 2256 Pythiorum
1578 2190 1768 2257 parte,
1809 2182 1910 2239 alii
1955 2182 2167 2257 Pythia
2197 2172 2269 2240 ‘et
2312 2181 2559 2250 Nemea,
2598 2189 2803 2241 totum
2874 2210 2890 2223 .

612 2272 957 2349 ‘Pindarum
987 2281 1103 2331 tres
1130 2282 1370 2333 tantum
1399 2275 1703 2342 exhibent,
1745 2292 1904 2332 unus
1934 2275 2079 2334 Saec.
2108 2293 2208 2334 xv.
2243 2275 2393 2333 alter
2409 2272 2544 2333 ἰαὶ.
2588 2277 2800 2334 tertius

628 2366 1025 2441 bombycinus
1049 2369 1124 2426 sd
1148 2368 1292 2427 Saec.
1316 2369 1440 2425 xiii.
1459 2376 1726 2443 spectare
1754 2368 1980 2439 fertur„
1993 2387 2129 2426 cum
2155 2368 2396 2426 scholiis
2425 2369 2489 2425 in
2522 2370 2818 2447 margine·

630 2468 692 2519 et
727 2462 945 2538 glossis
992 2461 1145 2519 inter
1171 2461 1359 2518 lineas
1380 2486 1399 2533 3
1453 2478 1614 2518 unus
1654 2461 1756 2519 ille
1783 2462 1940 2518 inter
1967 2478 2177 2518 omnes
2205 2454 2453 2528 ceteros,
2480 2477 2667 2535 quem
2708 2461 2806 2519 in·

627 2564 896 2631 spectum
921 2574 958 2612 a
998 2556 1126 2612 viro
1168 2553 1345 2613 docto
1385 2563 1445 2612 et
1485 2562 1896 2631 comparatum
1938 2573 2076 2612 cum
2121 2555 2383 2634 vulgatis
2426 2569 2551 2611 esse
2591 2554 2806 2622 velim.

627 2647 740 2706 Est
780 2652 831 2708 is
855 2668 916 2709 n.
964 2649 1143 2707 240³.
1169 2648 1559 2707 Cleomedem
1589 2648 1694 2706 Gr.
1737 2649 1970 2725 aliaque
1992 2649 2221 2709 habens
2248 2648 2457 2707 eodem
2487 2648 2804 2707 volumine

630 2742 1081 2818 comprehensa.

630 2879 639 2888 ,
704 2837 780 2895 ln
806 2836 1127 2894 Germania
1148 2833 1391 2892 tandem
1412 2834 1900 2895 vindobonensis
1924 2835 2283 2896 bibliotheca
2301 2835 2533 2893 codices
2555 2833 2802 2894 Pindari

624 2931 835 2989 saltem
884 2938 1175 3006 quatuor:
1218 2929 1639 3006 Olympiorum
1686 2931 1883 2998 binos,
1928 2931 2178 2989 alterum
2208 2945 2349 2986 cum
2394 2926 2642 2985 scholiis
2661 2953 2681 3000 ς
2741 2936 2804 2985 et

622 3023 742 3082 duo
766 3024 936 3093 alios,
960 3025 1062 3104 qui
1087 3008 1295 3082 omnia
1313 3022 1555 3106 Pindari
1574 3026 1839 3082 carmina
1856 3024 2136 3082 exhibere
2157 3027 2476 3080 narrantur
2495 3037 2522 3078 r
2562 3021 2802 3096 (omnes

621 3127 768 3177 sunt
794 3120 1171 3185 recentiores,
1201 3126 1499 3192 quantum
1548 3136 1623 3176 ex
1668 3116 1930 3181 Nesselii
1973 3116 2190 3174 notitia
2217 3114 2493 3192 biblioth.
2534 3112 2802 3174 vindob.

621 3214 853 3286 assequi
880 3212 1069 3286 licet).
1136 3215 1412 3287 Augusta
1431 3199 1634 3269 autem
1661 3209 2118 3290 vindelicorum
2142 3211 2207 3267 in
2234 3209 2617 3266 bibliothecoe
2648 3209 2800 3285 pub·

620 3303 751 3358 licae
781 3302 997 3376 pluteis
1027 3309 1222 3359 servat
1249 3304 1480 3360 codices
1508 3308 1767 3377 quatuor
1792 3321 1829 3358 a
1855 3302 2103 3361 Reisero
2133 3321 2191 3378 p.
2221 3300 2318 3364 78.
2349 3301 2451 3360 81.
2479 3300 2577 3359 83.
2609 3302 2673 3359 in
2696 3300 2802 3359 In-

624 3392 819 3449 dicem
864 3393 1101 3450 relatos.
1183 3393 1254 3449 In
1317 3394 1511 3468 primo
1550 3392 1985 3453 Demosthenis
2026 3383 2425 3454 Orationibus
2478 3395 2800 3452 nonnullis

620 3479 904 3554 subjectae
933 3493 1078 3542 sunt
1100 3484 1169 3542 P.
1193 3484 1343 3542 odae
1372 3484 1626 3560 aliquot.
1651 3486 1732 3545 cf.
1758 3486 2077 3546 Reiskium
2117 3488 2181 3545 in
2212 3487 2444 3563 praefat.
2482 3486 2809 3548 Demosth-

617 3594 677 3652 p.
697 3575 844 3632 lxix.
868 3575 992 3634 lxx.
1025 3585 1203 3652 atque
1221 3578 1347 3635 haec
1372 3577 1711 3658 fragmenta
1732 3598 1859 3638 esse
1878 3581 2152 3648 arbitror,
2176 3598 2436 3656 quorum
2459 3581 2801 3657 discrepan-

620 3675 709 3725 tes
739 3665 1027 3728 loctiones
1071 3669 1147 3728 ad
1188 3669 1559 3730 Schmidium
1603 3674 1845 3734 miserat
1886 3674 2040 3733 Dav.
2073 3671 2491 3732 Hoeschelius:
2550 3691 2695 3733 cum
2729 3693 2803 3733 eo

620 3767 885 3837 tempore
912 3763 1185 3821 nondum
1216 3764 1368 3823 alius
1391 3767 1644 3842 scriptus
1673 3767 1921 3826 Pindari
1942 3755 2094 3825 liber
2120 3767 2188 3824 in
2218 3784 2288 3824 ea
2307 3766 2802 3826 bibliotheca‘ex-
2864 3814 2870 3820 .

615 3861 787 3913 taret.
864 3855 1083 3914 Alter*
1123 3856 1375 3928 Nemea,
1405 3877 1585 3936 quem
1612 3878 1752 3918 cum
1780 3860 2032 3937 vulgata
2058 3860 2315 3919 lectione
2342 3866 2650 3934 comparet
2676 3858 2799 3917 uti-

618 3967 755 4006 nam
783 3950 878 4006 vir
904 3950 1113 4010 doctus
1142 3970 1263 4010 una
1288 3971 1427 4011 cum
1457 3954 1716 4012 Scholiis
1759 3955 1819 4012 in
1856 3953 2133 4024 Isthmia,
2174 3953 2431 4012 laudatis
2459 3951 2711 4009 Reisero
2741 3970 2801 4025 p.

615 4040 713 4103 79.
740 4042 861 4102 duo
893 4045 1103 4122 reliqui
1130 4046 1415 4123 Olympia
1437 4048 1748 4116 exhibent,
1769 4065 1928 4108 unus
1952 4063 2092 4106 cum
2121 4047 2397 4113 Scholiis,
2420 4044 2495 4102 ab
2518 4044 2832 4124 Adolpho-

613 4132 859 4191 Occone
886 4139 1115 4199 medico
1143 4141 1418 4215 scriptus,
1448 4140 1598 4199 alter
1624 4156 1766 4198 cum
1791 4141 2008 4218 glossis
2032 4137 2538 4200 interlinearibus.
2616 4136 2806 4196 Misit

1132 4315 1162 4344 ⁶
1190 4315 1307 4364 Eue
1333 4317 1456 4366 hune
1474 4317 1524 4365 in
1548 4314 1748 4380 amissis,
1765 4316 2033 4365 nuntiatum
2054 4314 2166 4367 nihi
2189 4324 2280 4366 est.
