3175 5250
654 562 829 631 xxxii
1128 655 1136 663 .
1452 559 1683 626 1²13AE
1713 558 2073 627 RATIO.

630 762 719 825 .ab
745 766 911 825 omni
939 762 1234 822 diviniore
1269 761 1465 823 animi
1487 763 1550 820 vi
1577 768 1639 819 et
1672 758 1912 835 inipetu:
1930 774 2168 834 prorsus
2198 757 2558 834 deturbavit,
2585 771 2668 834 et,
2698 766 2822 826 dis-

641 861 950 937 positionis
963 859 1203 934 synopsi
1231 857 1446 933 cuique
1470 857 1725 915 carmini
1748 854 2073 931 praemissa,
2095 854 2266 911 humi
2287 855 2500 914 afflixit
2522 866 2815 936 tanquam

640 950 970 1031 pedestrem
1001 968 1077 1008 ex
1115 950 1304 1027 vulgo
1331 951 1684 1026 scriptorem
1709 972 1723 1007 :
1779 965 1900 1023 quo
1928 947 2156 1005 factum
2184 954 2297 1015 est,
2327 957 2419 1016 ut,
2446 951 2557 1007 etsi
2587 968 2809 1028 magna

638 1042 978 1103 Graecarum
1007 1043 1341 1105 litterarum
1361 1043 1535 1119 copia
1577 1044 1924 1109 instructus,
1965 1046 2240 1098 centone
2279 1041 2476 1103 muln
2512 1051 2576 1101 et
2614 1044 2812 1102 invito

640 1136 923 1195 carminis
950 1135 1116 1211 lyrici
1144 1135 1343 1194 Genio
1373 1136 1862 1219 interpretaretur
1884 1158 1904 1206 3
1957 1142 2142 1209 utque
2171 1134 2428 1193 omnino
2457 1134 2626 1194 iniis
2642 1135 2815 1202 locis,

641 1244 895 1301 quorum
922 1228 1347 1287 obscuritatem
1370 1229 1471 1286 vel
1497 1227 1912 1285 difficultatem
1967 1234 2036 1284 ut
2085 1225 2282 1294 tollas,
2331 1244 2547 1285 sensus
2592 1227 2810 1305 aliquis

643 1319 895 1393 poeticae
925 1320 1159 1387 virtutis
1189 1321 1282 1379 vel
1310 1322 1550 1396 spiritus
1578 1320 1860 1379 audacior
1887 1328 1949 1377 et
1971 1318 2044 1377 ad
2075 1318 2449 1377 Pindaricum
2477 1320 2814 1382 sublimita-

644 1418 769 1469 tem
799 1429 1123 1490 assurgens
1152 1414 1490 1488 requiritur,
1517 1414 1736 1471 infelix
1758 1412 1883 1470 fere
1928 1411 2030 1470 ille
2055 1418 2211 1469 esset
2230 1429 2414 1488 opera
2437 1420 2499 1468 et
2524 1413 2818 1491 interpre-

634 1505 906 1572 tatione.
944 1505 1020 1564 ln
1051 1506 1515 1583 chronologicis,
1544 1525 1681 1581 qnae
1701 1506 1775 1565 ad
1802 1505 2191 1581 Olympiadas
2211 1512 2273 1563 et
2296 1504 2617 1580 Pythiadas
2645 1526 2813 1585 spec·

646 1603 799 1665 tant,
830 1597 999 1656 Sethi
1025 1598 1277 1655 Caluisii
1319 1616 1500 1674 opera
1527 1595 1767 1671 adjutus
1821 1598 2061 1674 longius
2089 1613 2435 1673 progressus
2489 1606 2603 1668 est,
2631 1618 2810 1676 quam

644 1688 751 1747 illo
785 1701 1077 1766 tempore,
1106 1690 1304 1748 studio
1353 1690 1469 1751 hoc
1496 1693 1602 1751 ‚vix
1628 1690 1930 1758 inchoato,
1961 1691 2257 1766 expectari
2301 1698 2551 1767 poterat.
2633 1695 2811 1769 Spem

643 1782 884 1840 tandem
944 1783 1166 1842 fecerat
1215 1784 1304 1841 vir
1331 1784 1708 1843 doctissimus
1735 1782 1944 1843 Lexiei
1973 1782 2294 1852 Pindarici,
2322 1800 2427 1842 seu
2457 1784 2813 1867 Πινδαροτα-
2841 1796 2845 1801 ’

643 1873 823 1959 μείου,
848 1877 1019 1954 cujus
1037 1881 1336 1955 specimen
1360 1881 1673 1956 proposuit
1700 1879 1764 1937 in
1786 1878 2018 1953 praefat.
2042 1874 2202 1955 quod
2218 1890 2419 1939 tamen
2443 1882 2812 1944 intercidisse

647 1993 772 2034 non
803 1976 1093 2032 dolemus.

634 2114 653 2125 .
725 2062 1007 2150 Πινδάρου
1052 2059 1307 2148 περίοδος
1333 2098 1417 2110 -
1440 2064 1540 2122 Jn.
1568 2060 1932 2132 Benedictus
1987 2067 2073 2124 M.
2115 2068 2200 2126 D.
2231 2074 2288 2126 et
2335 2071 2397 2126 in
2449 2068 2814 2129 Salmurienci

805 2165 984 2221 Acad.
1012 2163 1086 2219 R.
1124 2162 1363 2235 Lingua?
1397 2161 1622 2219 Groecae
1653 2160 1825 2234 Prqf.
1850 2193 1934 2204 —
1959 2162 2238 2220 Salmurii
2276 2160 2462 2222 1620..
2492 2165 2553 2223 4.

722 2256 999 2315 Titulum
1027 2257 1221 2331 operis
1244 2256 1549 2331 promissis
1594 2256 1738 2313 satis
1769 2259 2160 2335 magnifieum
2205 2259 2536 2319 describere
2571 2278 2812 2320 necesse

648 2367 770 2407 non
792 2357 882 2408 est
902 2375 919 2421 3
969 2367 1080 2407 nec
1109 2350 1311 2406 minus
1358 2348 1678 2424 magnifice
1705 2349 1965 2424 plurima
2014 2351 2328 2425 pollicetur
2353 2351 2643 2427 praefatio.
2685 2350 2816 2408 Ha·

644 2442 823 2499 bebat
852 2453 1051 2499 tamen
1096 2440 1190 2496 vir
1216 2440 1616 2508 doctissimus,
1659 2459 1791 2515 quae
1821 2460 1958 2500 vere
1981 2443 2054 2501 de
2080 2461 2144 2502 se
2168 2444 2486 2520 prae‘dicare
2535 2451 2763 2519 poterat
2795 2466 2812 2500 ε

632 2552 788 2595 nam
819 2535 881 2591 in
932 2532 1388 2609 interpretandis
1418 2535 1741 2592 sententiis
1769 2536 2046 2609 praeclara
2071 2533 2200 2607 ejus
2250 2544 2341 2593 est
2367 2552 2567 2610 opera,
2594 2534 2810 2610 partim

638 2632 919 2690 senione
949 2631 1255 2708 recognita
1286 2640 1345 2688 et
1370 2631 1715 2706 paraphrasi
1765 2630 1957 2689 latina
2006 2633 2264 2706 primum
2317 2631 2539 2697 addita,
2598 2631 2810 2706 partim

644 2726 790 2799 ipsis
818 2726 1282 2790 commentariis,
1307 2725 1435 2799 qui,
1464 2725 1577 2784 etsi
1628 2725 1694 2781 in
1739 2724 1813 2781 iis
1865 2725 2065 2783 multa
2112 2724 2389 2803 vulgaria
2436 2723 2814 2784 accumulata

645 2819 786 2886 sint,
813 2819 993 2876 bonae
1018 2826 1219 2875 tamen
1243 2816 1434 2894 frugis
1464 2816 1649 2891 pleni,
1678 2825 1739 2874 et
1767 2817 2052 2889 praeclaro
2075 2817 2280 2893 aliquo
2302 2817 2577 2891 exemplo
2603 2819 2686 2873 ita
2710 2817 2810 2874 in·

640 2912 837 2969 stituti
865 2920 1029 2978 sunt,
1062 2919 1129 2967 ut
1152 2909 1339 2985 lyrica
1364 2911 1555 2968 oratio
1609 2911 1807 2968 verbis
1837 2910 2191 2985 vulgaribus
2218 2911 2425 2989 groecis
2457 2910 2804 2980 illustretur,

645 3023 724 3065 ex
748 3006 1114 3064 scholiorum
1162 2997 1287 3062 fere
1316 3012 1599 3081 apparatu
1637 3021 1759 3061 non
1791 2998 2169 3074 sinejudicio
2211 3004 2498 3078 excerptis
2519 3028 2537 3076 3
2581 3012 2651 3061 ut
2696 3003 2809 3060 hac

646 3103 887 3180 quidem
931 3108 1120 3176 parte,
1149 3118 1284 3175 quae
1333 3100 1772 3158 enarrationem
1829 3099 2072 3167 attinet,
2095 3099 2402 3157 Schmidio
2447 3099 2632 3179 longe
2661 3118 2810 3175 prae-

644 3196 954 3254 ferendum
984 3193 1249 3251 arbitrer.
1329 3193 1441 3250 Sed
1492 3210 1603 3249 nec
1653 3192 1822 3251 codd.
1867 3193 2125 3269 scriptis,
2153 3194 2312 3268 quod
2370 3195 2556 3253 videri
2597 3195 2809 3262 voluit,

610 3273 809 3354 maus,
835 3304 946 3344 nec
970 3293 1320 3343 contextum
1370 3284 1445 3340 ad
1493 3285 1666 3340 metri
1716 3301 1988 3344 normam
2040 3287 2446 3344 examinatum
2503 3289 2807 3361 restituit5

642 3377 746 3434 sed
771 3374 1221 3432 Schmidianum
1252 3375 1558 3449 exemplar
1582 3377 1891 3451 exscripsit
1915 3402 1932 3449 3
1977 3379 2086 3436 etsi
2134 3395 2374 3453 operam
2396 3374 2526 3448 jam
2555 3379 2630 3435 ad
2674 3378 2808 3435 Ne-

646 3485 783 3526 mea
804 3465 1149 3541 perductam
1180 3466 1364 3524 fuisse
1395 3474 1615 3533 narrat,
1645 3484 1781 3526 cum
1813 3470 1961 3528 illud
1992 3471 2453 3530 nancisceretur.

731 3560 967 3618 Pindari
997 3560 1084 3617 Ol.
1116 3561 1188 3617 P.
1210 3559 1286 3617 N.
1312 3559 1349 3616 1
1352 3607 1357 3614 .
1377 3578 1583 3634 groece,
1598 3564 1899 3638 sumptibus
1920 3565 1993 3625 C.
2010 3559 2260 3629 Mareu&
2279 3564 2608 3639 typographi
2626 3564 2814 3641 Regii.
2860 3587 2883 3611 ·

805 3651 991 3711 Paris.
1040 3651 1214 3710 1623.
1254 3651 1317 3710 8.

603 3797 609 3813 ,
723 3747 984 3805 Tantum
1010 3761 1084 3801 ex
1112 3743 1440 3808 Maittairio
1467 3755 1509 3805 t.
1538 3747 1622 3808 iii.
1645 3766 1704 3825 p.
1733 3749 1770 3807 i.
1792 3766 1851 3824 p.
1879 3748 2015 3807 882.
2047 3746 2120 3804 de
2139 3764 2215 3805 ea
2234 3754 2509 3808 constat:
2552 3758 2622 3808 ut
2643 3759 2705 3809 et
2732 3751 2809 3810 de

650 3859 741 3907 ea,
771 3857 905 3915 quae
930 3839 1233 3914 sequiturz
2473 3895 2490 3910 „

725 3933 969 3992 Pindari
990 3932 1268 4006 Olympia,
1298 3929 1504 3994 Latino
1528 3934 1771 3992 carmine
1786 3931 2004 3990 reddita
2017 3948 2122 4005 per
2139 3932 2269 3992 Nic.
2292 3935 2607 3996 Sudor-ium.
2635 3936 2803 3996 Sum-

800 4028 987 4101 ptibus
1015 4025 1185 4099 ejusd.
1213 4024 1345 4084 eod.
1368 4044 1551 4085 anno.

736 4116 798 4174 E
800 4137 838 4174 :r
866 4118 1117 4177 Pindari
1142 4121 1260 4176 odis
1281 4127 1554 4194 excerpta
1578 4111 1922 4194 genealogice
1947 4117 2263 4196 principiam
2303 4125 2502 4180 veteris
2530 4124 2803 4194 Graecioe,

804 4227 1024 4284 gnomae
1046 4213 1285 4270 illustres
1302 4220 1399 4270 etc.
1421 4213 1605 4272 studio
1626 4212 1868 4270 Davidis
1893 4210 2171 4288 Chytraei.
2212 4216 2501 4275 Rostoch.
2537 4216 2714 4277 1695.
2739 4218 2803 4277 8.

724 4312 887 4372 Male
915 4312 1031 4371 boc
1054 4340 1073 4389 3
1128 4334 1269 4376 nam
1297 4317 1451 4376 libro
1479 4334 1646 4377 nunc
1675 4317 1939 4397 inspecto
1962 4319 2136 4381 video
2186 4340 2241 4383 a.
2278 4320 2451 4382 1596.
2502 4338 2800 4401 reponen-

644 4410 788 4471 dum
815 4426 960 4469 esse.
