3175 5250
1143 490 1798 561 P-RAEFATIO.
2411 490 2621 571 xxxvii

456 682 747 759 inprimis,
790 683 1130 742 orationem
1174 683 1679 761 locupletandam,
1721 682 1795 740 ad
1836 680 2221 764 excitandum
2262 700 2332 741 ac
2374 684 2615 762 fingen-

457 777 595 834 dum
622 775 1166 852 instruendumque
1204 778 1568 853 ingenium3
1626 775 1849 833 factam
1878 781 2078 832 autem
2116 770 2247 845 jam
2286 775 2619 833 versionem

422 871 636 927 —aetiam
664 869 901 926 consuli
932 876 1089 927 recte
1116 887 1288 946 posse
1329 871 1404 928 ab
1446 888 1539 937 eo,
1582 870 1687 944 qui
1732 870 1928 944 ipsum
1972 874 2209 943 poetam
2254 866 2439 944 legat,
2487 886 2620 943 par-

450 961 567 1020 tim
610 962 673 1019 iu
719 961 976 1038 siugulis
1028 962 1213 1033 locis;
1270 963 1321 1020 si
1369 963 1548 1021 modo
1588 963 1719 1037 ipsa
1765 970 1957 1037 poetoe
2002 961 2306 1019 sententia
2344 979 2623 1036 expressa

397 1092 427 1128 ‚-
451 1055 554 1121 sit,
601 1072 723 1112 non
752 1054 885 1123 alia,
917 1062 989 1112 ut
1031 1073 1187 1131 saepe
1224 1055 1314 1122 fit,
1344 1056 1407 1113 in
1447 1051 1574 1126 ejus
1622 1055 1823 1112 locum
1866 1055 2230 1125 substituta;
2287 1054 2504 1129 partim
2543 1053 2619 1110 ad

450 1148 640 1205 totius
666 1149 948 1206 carminis
976 1132 1334 1206 structuram
1383 1157 1553 1206 tanto
1598 1148 1836 1205 facilius
1864 1146 2377 1225 perspiciendam3
2424 1148 2619 1206 lineas

450 1255 688 1315 quoque
729 1250 791 1298 et
830 1243 1105 1299 umbram
1150 1240 1360 1299 formoe
1399 1247 1790 1316 assequentur
1831 1241 1970 1298 inde
2011 1241 2136 1309 alii,
2165 1241 2382 1316 quibus
2425 1240 2620 1299 Vene-

455 1349 580 1389 rem
621 1322 808 1408 ipsam
854 1334 1016 1392 baud
1054 1334 1253 1392 videre
1301 1335 1536 1393 licuerit
1559 1360 1577 1406 3
1635 1335 1736 1392 sed
1779 1333 1932 1402 fore‚·
1969 1342 2036 1393 ut
2076 1334 2389 1409 populares
2431 1335 2621 1392 nostri

459 1423 705 1483 Pindari
731 1435 975 1503 gustum
1014 1429 1197 1486 talem
1240 1427 1381 1486 inde
1419 1430 1680 1503 capiant,
1725 1445 1847 1504 quo
1887 1428 1984 1486 vel
2011 1427 2461 1485 admirationem
2489 1423 2618 1499 ejus

458 1521 559 1577 vel
582 1537 843 1577 amorem
867 1521 1229 1597 concipiant,
1260 1522 1587 1580 admodum
1628 1522 1858 1579 dubim.
1943 1520 2030 1578 Ut
2058 1523 2222 1607 enim
2252 1529 2487 1596 poetam
2518 1522 2613 1578 in-

460 1598 722 1688 telligas,
765 1613 1029 1688 antiquas
1069 1615 1296 1673 litteras
1337 1616 1541 1673 auimo
1576 1615 1918 1690 complecti,
1966 1632 2157 1672 rerum
2185 1633 2245 1671 ·a
2283 1621 2459 1689 poeta
2485 1630 2615 1687 per-

458 1710 846 1763 tractatamm
875 1709 1183 1765 notionem
1215 1708 1449 1775 babere,
1479 1708 1716 1767 fabulas
1743 1715 1804 1765 et
1830 1708 2123 1773 historiae,
2155 1708 2217 1763 in
2248 1705 2464 1780 quibus
2489 1723 2619 1765 ver-

456 1806 642 1866 satur,
672 1808 872 1858 tenere
900 1789 1136 1859 necesse
1163 1810 1287 1860 est:
1352 1821 1485 1878 quae
1529 1802 1737 1859 omnia
1775 1801 1877 1875 qui
1917 1800 2118 1866 babet,
2148 1800 2198 1855 is
2238 1800 2434 1873 ipsum
2476 1818 2618 1874 poe·

456 1897 576 1948 tam
606 1892 839 1966 adibit3
888 1896 1146 1970 quinon
1193 1895 1392 1963 habet,
1440 1913 1515 1953 ex
1562 1894 1836 1952 versione
1879 1892 2032 1950 nibil
2079 1891 2415 1966 intelliget3
2462 1909 2618 1975 ,qua-
2713 1938 2726 1949 .

452 1994 630 2044 tenus
685 1988 1029 2066 intelligere
1081 2006 1206 2045 non
1261 1997 1393 2046 est:
1476 1988 1677 2055 verba,
1729 1985 1833 2044 sed
1887 1985 2218 2044 sententias
2274 1986 2612 2060 percipere3

451 2078 655 2136 multo
700 2081 895 2139 minus
918 2096 925 2109 ¹
946 2082 1052 2139 tali
1101 2082 1358 2141 lectione
1400 2082 1676 2139 delectari
1724 2088 1829 2137 aut
1883 2079 2259 2154 antiquorum
2305 2078 2622 2135 hominum

456 2186 663 2227 sensus
703 2172 945 2232 induere
969 2177 1203 2250 poterit.
1286 2176 1495 2250 ltaque
1540 2175 1644 2249 qui
1695 2174 1757 2230 in
1813 2172 2094 2230 vertendo
2144 2170 2428 2245 scriptore
2456 2171 2623 2247 iuge-

459 2264 628 2321 nioso
658 2284 894 2341 operam
925 2272 1116 2344 ponit,
1160 2270 1355 2328 multo
1400 2269 1594 2345 magis
1623 2268 1737 2325 sibi
1766 2266 2071 2342 patrioque
2099 2265 2360 2322 sermoni
2403 2281 2620 2321 consu-

456 2354 547 2422 lit,
572 2374 751 2432 qusm
791 2362 943 2429 aliis,
972 2364 1077 2437 qui
1116 2382 1226 2421 nec
1265 2362 1529 2421 studium
1568 2362 1714 2420 satis
1760 2377 2052 2436 magnum
2100 2358 2175 2416 ad
2218 2357 2467 2432 antiqua
2492 2356 2622 2415 hoec

448 2452 868 2524 cognoscenda
911 2455 1192 2513 adhibere
1235 2455 1459 2528 solent3
1516 2455 1732 2523 verbo„
1768 2453 1882 2511 sibi
1932 2453 2200 2527 quisque=
2224 2451 2385 2520 serit,
2430 2469 2621 2528 popu-

451 2539 603 2599 lares
626 2562 838 2618 parum
868 2548 1011 2606 inde
1036 2555 1293 2607 metunt.

466 2644 477 2655 ‘
532 2637 847 2699 Nonnulla
892 2643 1010 2700 alia
1050 2650 1213 2711 sunt,
1265 2660 1400 2718 quae
1448 2645 1517 2702 in
1558 2661 1724 2720 penu
1767 2642 2085 2701 Pindarico
2128 2640 2332 2698 haberi
2375 2640 2630 2715 possint.

451 2726 571 2790 Sed
596 2732 646 2788 si
675 2734 1021 2803 utilitatem,
1052 2752 1176 2794 uon
1221 2753 1416 2795 rerum
1454 2738 1653 2795 solum
1704 2737 1939 2813 copiam
1966 2742 2217 2811 spectes,
2258 2750 2335 2791 ex
2376 2734 2447 2790 55⁸
2474 2750 2623 2808 ‘1¹¹0-

453 2841 589 2899 que,
641 2844 776 2902 quae
818 2824 946 2898 jam
990 2837 1458 2888 commemorata
1498 2839 1666 2898 sunt,
1716 2831 1909 2888 multa
1957 2846 2084 2888 esse
2130 2826 2354 2893 videas,
2407 2825 2625 2901 quibus

448 2920 668 2978 melius
715 2939 1038 2980 careamus.
1119 2923 1576 2998 DisputatIones
1626 2923 1937 3000 habemus,
1990 2920 2258 2996 inprimis
2289 2918 2622 2984 Gallorum,

454 3013 679 3071 multas
729 3032 909 3091 super
946 3016 1263 3093 lyricorum
1324 3026 1618 3084 veterum,
1674 3018 1948 3089 interque
1993 3015 2106 3071 bos
2146 3012 2443 3087 praecipue
2476 3010 2631 3067 Pin·

464 3104 612 3172 dari,
641 3107 880 3184 iugenio
909 3117 969 3168 et
996 3110 1199 3169 indole
1230 3136 1248 3183 ;
1322 3112 1384 3168 in
1432 3110 1505 3166 iis
1533 3126 1793 3184 quoque,
1817 3126 1950 3183 quae
1992 3104 2233 3181 quidem
2265 3103 2624 3171 evolvimus,

468 3199 659 3256 multa
706 3201 957 3261 vidimus
996 3204 1303 3280 eleganter
1346 3204 1655 3279 disputari.
1737 3200 1852 3260 Sed
1894 3196 2193 3273 juvenum
2237 3197 2496 3264 animos,
2534 3195 2628 3255 his

467 3294 705 3369 quidem
741 3295 1265 3373 disputationibus,
1295 3298 1370 3356 ab
1416 3298 1545 3374 ipsa
1588 3296 1829 3355 Pindari
1871 3295 2125 3353 lectione
2176 3291 2411 3350 avocari
2469 3290 2625 3349 noli-

456 3405 613 3446 mus.
694 3388 934 3450 Pindari
972 3392 1229 3450 omnino
1265 3392 1448 3466 lyrica
1484 3392 1604 3458 vis,
1641 3391 1943 3449 character
1991 3386 2296 3453 carminis,
2344 3391 2405 3443 et
2447 3402 2626 3463 argu·

456 3483 647 3538 menti
678 3500 1182 3560 numerorumque
1209 3502 1278 3542 ac
1304 3485 1626 3542 modorum
1671 3485 1842 3553 ratio,
1891 3490 2012 3540 tam
2059 3480 2352 3538 diversam
2402 3477 2629 3536 habent

452 3576 667 3633 omnia
699 3576 965 3634 indolem
994 3597 1031 3635 a
1075 3578 1304 3644 ceteris,
1338 3577 1528 3635 multo
1556 3577 1752 3654 magis
1781 3595 1820 3633 a
1846 3575 2135 3633 Romanis
2174 3582 2232 3634 et
2273 3594 2311 3633 a
2337 3573 2628 3632 recentio-

450 3666 643 3734 ribus,
690 3670 883 3744 poetis
927 3669 1150 3745 lyricis,
1178 3678 1249 3727 ut
1297 3669 1666 3729 diversorum
1703 3687 1995 3747 generum
2035 3687 2128 3727 res
2181 3685 2523 3743 comparare
2571 3672 2635 3725 et

453 3762 827 3824 contendere'
856 3764 1148 3825 dicendus
1195 3766 1296 3833 sit,
1337 3765 1442 3840 qui
1491 3763 1821 3823 Pindarum
1862 3764 2064 3841 ipsum
2111 3764 2177 3821 in
2229 3764 2325 3821 bis
2370 3777 2633 3837 quoerere

452 3853 631 3912 velit.
706 3891 713 3903 ·

534 3947 681 4006 Non
716 3950 951 4028 pigebit
998 3969 1160 4010 nunc
1210 3958 1475 4010 extremo
1526 3949 1663 4007 loco
1712 3943 2003 4020 subjicere
2043 3946 2317 4005 codicum
2366 3945 2633 4004 nonnul·
2667 3937 2672 3944 ’

362 4108 371 4124 ‚
444 4041 650 4099 lorum
707 4045 976 4113 notitias,
1021 4063 1178 4120 quae,
1234 4043 1378 4103 dum
1429 4044 1497 4103 in
1546 4040 1745 4101 studio
1795 4040 1910 4099 hoc
1965 4040 2243 4099 lectionis
2299 4037 2633 4099 Pindaricae

448 4134 895 4212 investigandae
936 4138 1342 4207 versabamur,
1368 4138 1560 4196 ‘nobis
1615 4137 1678 4195 in
1723 4151 1939 4194 manus
1989 4140 2299 4191 venerunt.
2354 4123 2633 4191 'Iuvabit

450 4243 580 4283 nno
606 4235 896 4307 tauquam
926 4231 1146 4290 obtutu
1187 4225 1482 4304 subjectas
1525 4245 1951 4307 recognoscere
1977 4227 2178 4303 copias
2227 4243 2436 4285 omnes
2482 4225 2630 4283 Pin-

442 4317 717 4394 darien,
744 4324 973 4400 quibus
1003 4333 1345 4401 temporum
1373 4317 1603 4395 injuria
1628 4320 1891 4402 pepercit
1916 4345 1937 4395 3
1994 4319 2106 4378 etsi
2153 4318 2312 4378 baud
2357 4317 2637 4398 exiguam
