3175 5250
108 0 740 221 ..V

592 492 656 557 vi
1374 492 1999 569 PRAEFATIO.

591 698 772 765 rem,
807 626 934 751 aut
948 700 1124 774 quae
1151 678 1308 777 ipse
1330 677 1749 757 difficiliora
1768 706 1928 758 esse
1952 692 2030 757 et
2053 685 2484 762 obscuriora
2521 712 2776 769 sennes

588 810 772 863 ram.
870 789 957 861 ln
982 789 1102 863 his
1130 791 1433 888 quidem
1470 803 1844 890 postremo
1877 797 2044 870 loco
2065 802 2496 875 memoratis
2519 805 2761 876 visum

587 913 697 976 est
722 905 996 977 versari
1021 906 1152 991 sic,
1187 916 1290 993 ut,
1321 910 1610 1004 quoties
1637 910 1965 983 viderem
1993 930 2294 986 manere
2326 918 2760 992 sententiam

583 1015 1034 1109 ambiguam,
1071 1041 1208 1090 nec
1240 1040 1399 1091 rem
1421 1019 1516 1091 ad
1534 1016 1900 1118 liquidum
1925 1023 2231 1120 perduci
2252 1049 2489 1123 posse,
2521 1030 2764 1101 varios

581 1128 842 1202 modos
870 1148 1342 1229 exponerem,
1373 1134 1645 1231 quibus
1685 1139 2046 1210 sententia
2086 1139 2244 1211 erui
2290 1163 2375 1211 ac
2411 1143 2756 1214 constitui

576 1251 853 1338 posset,
838 1273 853 1288 ·
891 1242 1033 1315 hoc
1056 1246 1257 1317 enim
1273 1245 1498 1317 modo
1517 1246 1709 1320 effici
1732 1270 1963 1344 posse,
1978 1259 2060 1321 ut
2076 1260 2204 1322 aut
2222 1250 2400 1378 ipse·
2393 1255 2760 1326 veriorem
2862 1270 2888 1303 ’

575 1353 959 1427 rationem
965 1355 1385 1428 invenirem
1389 1367 1516 1429 aut
1540 1356 1636 1428 ad
1664 1382 1824 1430 eam
1844 1359 2244 1433 eruendam
2270 1372 2347 1436 et
2378 1364 2759 1437 invenien-

522 1448 527 1457 ’
575 1460 744 1536 dam
781 1464 947 1538 aliis
978 1466 1172 1539 viam
1206 1469 1588 1564 aperirem.
1676 1469 1882 1542 Solet
1915 1473 2111 1544 enim
2148 1475 2460 1545 omnino
2488 1475 2566 1547 in
2593 1474 2764 1548 her-

575 1576 1009 1651 meneuticis
1040 1586 1112 1650 et
1143 1579 1415 1652 criticis
1437 1602 1571 1652 usu
1593 1581 1850 1653 venire
1873 1581 2073 1654 idem
2104 1583 2307 1680 quod
2331 1585 2694 1659 medicis
2673 1566 2766 1660 m)

577 1687 859 1761 morbis
894 1689 1305 1776 medendi&
1340 1691 1520 1764 ubi
1498 1712 1585 1778 1S,
1625 1694 1752 1790 qui
1789 1694 2054 1766 ultimo
2089 1694 2254 1767 loco
2283 1706 2608 1785 vocatur,
2641 1722 2760 1771 re-

576 1800 864 1886 mediis,
902 1804 1254 1899 quaejam
1279 1803 1375 1875 ab
1410 1804 1574 1875 aliis
1598 1813 1870 1877 tentata
1899 1803 2209 1889 fuerant,
2245 1807 2386 1876 sibi
2421 1810 2758 1897 narratis,

573 1911 882 1997 facilius,
918 1913 1291 1985 interdum
1329 1934 1524 1996 casn,
1567 1912 1895 1983 incidere
1928 1921 2166 2008 potest
2196 1914 2272 1985 in
2311 1938 2588 1989 novum
2619 1919 2756 1991 ali-

573 2022 776 2117 quod
826 2019 1263 2105 remedium‚
1299 2017 1495 2115 quod
1535 2021 1794 2093 ceteris
1817 2022 2206 2095 *salubrius
2244 2026 2361 2097 sit.
2466 2027 2660 2108 Qnae
2684 2032 2759 2104 si·

572 2124 1143 2216 recordaremur,
1170 2124 1585 2204 fmodestius
1622 2131 1809 2205 forte
1839 2135 2273 2208 sentiremus
2304 2136 2400 2209 de
2435 2138 2750 2217 inventis

569 2243 912 2337 quamvis
963 2240 1339 2315 felicibus:
1388 2242 1530 2314 nisi
1586 2243 1787 2319 enim
1845 2246 1971 2319 alii
2024 2232 2190 2319 ante
2245 2271 2384 2320 nos
2434 2250 2747 2346 impedi-

486 2400 497 2409 ‚
569 2363 817 2426 menta
859 2354 1355 2439 removissent,
1389 2354 1510 2426 via
1541 2355 1761 2427 nobis
1787 2357 2018 2431 libera
2049 2366 2124 2431 et
2155 2361 2499 2458 expedita
2546 2361 2745 2438 haud

568 2476 793 2552 esset3
846 2467 951 2538 ita
982 2476 1266 2564 partem
1317 2466 1684 2562 gloriolae‘
1709 2478 1978 2542 nostrae
2029 2469 2230 2543 haud
2282 2474 2632 2569 exiguam
2659 2476 2737 2550 in

567 2579 787 2652 rebus
818 2596 949 2652 seu
983 2577 1327 2674 grav-ibus
1357 2600 1487 2653 seu
1508 2580 1828 2653 exilibus
1839 2580 2201 2655 debemus
2235 2583 2576 2673 aliorum,
2607 2588 2741 2684 qui

562 2701 734 2764 ante
767 2716 902 2764 nos
933 2689 1192 2765 eadem
1222 2701 1697 2780 tentaverant,
1751 2696 2176 2769 erroribus·
2252 2695 2582 2769 Omnino
2633 2709 2742 2771 est

567 2806 969 2880 admodum
992 2806 1293 2881 'diversa
1323 2807 1649 2898 conditio
1675 2809 1857 2904 ejus,
1899 2809 2026 2905 qui
2065 2809 2737 2906 interpretationem

564 2941 742 2992 cum
792 2919 1044 2992 critica
1090 2920 1504 3015 conjungit,
1539 2929 1613 2993 et
1647 2920 1952 3016 quidem
1983 2944 2118 3019 per
2147 2929 2386 2994 totum
2427 2921 2731 3005 librum,

564 3042 639 3106 et
668 3034 849 3128 ejuS‚
885 3032 1019 3130 qui
1052 3032 1381 3104 criticam
1414 3031 1648 3105 solam
1680 3042 1959 3119 tractat,
1995 3044 2069 3107 et
2101 3032 2517 3119 desultorie,
2555 3031 2738 3106 deli-

562 3146 814 3219 ba'ndo
871 3169 1040 3243 quae
1094 3144 1436 3231 voluerit,
1475 3155 1551 3218 et
1605 3144 2069 3220 subsistendo
2120 3147 2195 3218 in
2251 3147 2341 3220 iis
2385 3145 2590 3232 locis,
2652 3147 2733 3219 in

566 3259 836 3354 quibus
867 3256 1155 3352 aliquid
1180 3255 1403 3329 habet
1434 3256 1638 3355 quod
1661 3258 1915 3330 afferat
1943 3288 1960 3343 ;
2013 3281 2184 3330 cum
2218 3258 2447 3344 alteri,
2484 3258 2546 3329 si
2575 3260 2735 3354 qui-

561 3367 734 3442 dem
757 3366 1113 3461 'religiose
1139 3366 1469 3441 officium
1506 3370 1682 3440 boni
1719 3370 2128 3466 interpretis
2176 3369 2364 3438 tueri
2398 3369 2729 3456 voluerit,

559 3480 948 3554 necessitas
980 3478 1324 3575 imposita
1352 3481 1467 3567 sit,
1500 3503 1599 3552 ne
1625 3479 1808 3577 quid
1842 3479 2147 3565 omittat,
2172 3478 2373 3573 quod
2406 3477 2569 3551 aliis
2594 3479 2730 3552 im-

546 3592 893 3692 ’peditum
925 3601 999 3664 et
1030 3591 1633 3666 obscurum‘esse
1680 3593 1932 3690 possit.
2037 3589 2396 3684 Magnam
2431 3614 2729 3690 quoque

558 3709 636 3783 in
674 3705 791 3778 his
821 3704 975 3777 vim
1010 3701 1230 3801 habet
1260 3704 1418 3800 ipsa
1448 3715 1648 3791 aetas,
1685 3714 1759 3777 et
1791 3702 1953 3777 fieri
1985 3710 2244 3799 potest,
2280 3710 2366 3774 ut
2397 3715 2731 3778 senectus

552 3820 815 3895 timide
856 3815 1173 3889 nimium
1206 3825 1280 3887 et
1322 3817 1929 3889 caute-*molestias
1971 3813 2113 3887 sibi
2135 3814 2457 3912 'aliisque
2508 3827 2726 3903 creet,

554 3954 730 4004 cum
772 3931 1129 4024 juventus
1173 3926 1414 4000 calore
1471 3929 1794 4023 abrepta,
1838 3951 2007 4023 quae
2059 3927 2301 4024 primo
2344 3927 2727 4000 oculorum

550 4042 917 4136 conjectui
942 4064 1020 4114 se
1046 4039 1509 4128 obtulerunt,
1527 4062 1664 4138 pro
1698 4039 1912 4111 certis
1932 4049 2006 4112 et
2028 4040 2420 4138 exploratis
2436 4038 2723 4113 habeat.

536 4152 1065 4252 Exhilaratum
1099 4175 1221 4234 me
1253 4154 1515 4237 sentio,
1548 4151 1607 4223 si
1642 4174 1866 4248 quem
1904 4151 2194 4225 videam
2229 4162 2378 4223 tam
2409 4147 2721 4236 felicem,

551 4274 638 4338 ut
664 4265 759 4337 de
792 4262 994 4335 nulla
1025 4285 1126 4349 re,
1163 4286 1386 4359 quam
1418 4266 1575 4361 ipse
1606 4262 2015 4361 protulerit,
2050 4276 2176 4338 aut
2204 4265 2361 4361 ipse
2393 4263 2729 4362 ambigat

444 4459 451 4472 ,
553 4386 680 4452 aut
702 4377 800 4449 ab
832 4373 996 4448 aliis
1027 4374 1304 4469 ambigi
1340 4399 1551 4472 posse
1582 4397 1670 4449 ac
1693 4371 1972 4447 debere
1984 4386 2295 4456 censeat.
