3175 5250
1229 491 1845 559 PRAEFATIO.
2490 493 2620 560 xliii

436 707 538 749 vas
564 674 1037 761 redhibuerunt;
1085 707 1274 751 novas
1298 701 1402 752 aut
1428 691 1706 752 meliores
1723 690 2016 750 lectiones
2043 711 2179 768 quae
2207 692 2453 751 fortuna
2475 712 2609 769 pro·

440 778 583 862 pitia
608 783 819 842 offerre
842 784 1052 859 possit,
1088 801 1209 842 non
1243 786 1437 844 video.

508 879 609 938 Ita
633 896 873 955 quoque
895 878 1022 937 vidi
1050 892 1175 937 rem
1204 898 1266 938 se
1297 882 1516 940 habere
1544 882 1609 939 in
1641 882 1774 940 aliis
1815 880 2151 946 codicibus,
2194 897 2450 955 quorum
2496 890 2600 938 aut

430 974 621 1034 lectio
633 975 895 1044 varians,
924 982 1031 1032 aut
1055 976 1387 1051 ‘specimina
1416 976 1489 1035 ad
1521 995 1618 1034 me
1650 977 1831 1033 missa
1856 982 1996 1032 sunt
2025 975 2399 1053 humanitate
2445 976 2606 1032 viro-

432 1083 569 1126 rum
597 1068 933 1135 doctorum,
956 1086 1212 1143 quorum
1243 1071 1490 1128 nomina
1520 1070 1765 1127 honoris
1795 1086 2005 1126 caussa
2033 1085 2285 1143 appono.
2536 1054 2546 1065 ’
2687 1142 2692 1147 ,

514 1161 786 1221 Varietas
812 1164 1089 1222 lectionis
1130 1182 1164 1221 e
1194 1165 1368 1225 codd.
1395 1164 1551 1222 binis
1580 1163 1904 1221 chartaceis
1932 1163 2077 1219 Soec.
2105 1180 2204 1220 xv.
2232 1162 2605 1220 bibliothecas

433 1253 749 1330 synodalis
775 1254 1159 1331 Mosquensis
1188 1255 1427 1314 Pindari
1457 1256 1746 1332 Olympia
1772 1254 2117 1330 complexis.
2218 1255 2388 1337 l’rioe
2414 1257 2607 1313 varios

439 1347 586 1405 alios
638 1348 875 1407 libellos
916 1350 1182 1425 poeticos
1244 1350 1539 1416 continet,
1583 1350 1732 1406 alter
1785 1347 2012 1405 scholia
2065 1347 2245 1405 habet
2296 1344 2605 1420 adjuncta:

442 1444 486 1472 “
512 1446 780 1498 auctores
796 1440 1171 1499 Scholiorum
1189 1448 1475 1499 notantur
1493 1440 1927 1515 Moschopulus
1942 1450 2003 1499 et
2018 1439 2281 1499 Thomas
2301 1441 2608 1519 Magister.

442 1538 487 1566 “
515 1532 614 1592 Ex
639 1534 857 1592 horum
879 1534 1115 1592 scholiis
1143 1534 1520 1611 intelligitur,
1550 1533 1745 1591 multa
1767 1534 1843 1590 ab
1869 1535 2019 1609 ipsis
2062 1534 2126 1592 in
2155 1541 2442 1592 contextu
2471 1552 2607 1593 mu·
2699 1616 2719 1624 “

447 1631 494 1659 “
521 1632 652 1684 tata
679 1643 813 1692 esse,
833 1634 1073 1702 propter
1094 1631 1405 1685 metrum.”

523 1721 575 1776 A
600 1719 676 1777 V.
705 1719 774 1778 C.
810 1718 849 1776 J
854 1712 909 1780 ὁ.
946 1720 1141 1796 Aloys.
1164 1715 1722 1794 Martyni-Laguna
1747 1718 1910 1774 varia
1934 1718 2114 1774 lectio
2138 1718 2311 1775 docte
2334 1726 2395 1774 et
2422 1719 2610 1776 subti-

441 1813 583 1872 liter
610 1822 906 1890 excerpta,
934 1833 1010 1874 ex
1037 1815 1405 1893 Fragmento
1428 1812 1670 1889 Olymp.
1705 1814 1897 1873 x-xiv.
1943 1814 2102 1888 quod
2141 1814 2206 1870 in
2253 1810 2613 1879 bibliotheca

445 1905 875 1966 Zuickaviensi
902 1916 1193 1966 servatur.

512 1998 760 2059 Variam
787 2001 1117 2063 lectionem
1146 2000 1427 2059 carminis
1455 2002 1495 2059 i.
1523 1999 1769 2076 Olymp.
1812 2017 1846 2057 e
1869 1999 2039 2058 codd.
2078 1998 2406 2058 Marcianis
2451 1998 2606 2057 Ven.

427 2087 564 2165 jam
591 2110 771 2169 supra
797 2094 1285 2153 commemoravi.

518 2185 577 2242 E
599 2189 1013 2246 recentissimis
1036 2194 1128 2245 est
1147 2186 1335 2244 codex
1354 2185 1694 2243 chartaceus
1716 2185 1862 2244 olim
1884 2185 2258 2246 bibliothecae
2281 2184 2609 2260 Rostgaar-

433 2280 686 2349 diensis,
710 2297 869 2338 nunc
895 2280 1276 2338 bibliothecae
1306 2279 1513 2355 Regiae
1546 2276 1920 2349 Hafniensis‚
1950 2299 1984 2337 e
2011 2296 2131 2354 quo
2158 2278 2458 2354 specimen
2488 2276 2610 2332 lec-

298 2376 313 2393 ‘
433 2372 624 2431 tionis
656 2392 773 2432 var.
796 2374 981 2432 trium
996 2374 1262 2448 priorum
1286 2372 1620 2429 carminum
1636 2389 1689 2429 a.
1706 2373 1820 2430 xci.
1845 2374 1918 2431 ad
1945 2391 2040 2430 me
2065 2371 2228 2430 misit
2245 2370 2319 2429 B.
2349 2369 2424 2427 G.
2464 2367 2524 2424 N
2528 2370 2611 2425 ie-

426 2465 612 2535 buhr,
639 2466 909 2524 Caisteni
936 2465 1114 2534 filius,
1144 2461 1315 2536 cujus
1342 2465 1593 2541 ingenio
1617 2472 1677 2522 et
1703 2467 1901 2524 studio
1926 2466 2175 2524 mirifice
2192 2472 2323 2524 tum
2348 2463 2605 2522 delecta-

422 2558 555 2618 bar.
642 2559 934 2618 Continet
959 2557 1266 2635 Olympia,
1294 2557 1396 2615 sed
1424 2575 1661 2616 carmen
1688 2560 1809 2618 xiv.
1837 2559 2051 2619 deficit.

502 2653 685 2711 Alius
712 2656 921 2714 Codex
944 2653 1306 2720 chartaceus,
1324 2644 1653 2728 quaternis,
1677 2654 1866 2712 nitide
1893 2657 2166 2730 scriptus,
2191 2672 2226 2711 e
2247 2652 2613 2711 bibliotheca

417 2746 627 2806 Ducis
674 2748 956 2807 Sei-enisa.
994 2744 1312 2804 Brunsuic.
1352 2746 1904 2822 Guelpherbytana,
1950 2765 2129 2824 quem
2172 2744 2615 2822 inspiciendum

416 2841 580 2902 mihi
639 2842 863 2900 eximia
908 2856 1046 2898 cum
1093 2838 1383 2897 facilitate
1430 2841 1727 2897 concessit
1776 2841 2191 2900 meritissimus
2233 2839 2612 2897 bibliothecas

417 2938 772 3016 praefectus,
800 2931 957 2992 Em.
999 2933 1202 2993 Theod.
1233 2932 1496 3007 Langer:
1546 2939 1675 2990 erat
1698 2932 1802 2991 ille
1828 2933 1974 2991 olim
2000 2932 2138 2991 Nic.
2165 2931 2423 2991 Heinsio
2449 2931 2613 2988 dono

424 3032 657 3090 missus
683 3048 724 3088 a
743 3027 966 3087 carolo
992 3026 1160 3085 Dati.
1240 3024 1681 3104 §omplectitur
1706 3026 1988 3102 Olympia
2010 3033 2071 3084 et
2097 3023 2329 3101 Pythia.

515 3126 679 3187 Quae
705 3143 784 3183 ex
805 3125 901 3182 his
942 3141 1012 3181 ac
1041 3122 1338 3181 similibus
1381 3126 1723 3189 enotantur,
1772 3129 1918 3180 sunt
1959 3128 2192 3181 tantum
2232 3137 2355 3179 non
2399 3117 2607 3177 omnia

428 3220 759 3277 varietates
787 3217 1108 3295 eneglecta
1140 3216 1417 3283 dialecto,
1447 3232 1733 3274 versuum
1762 3215 2011 3275 modulo
2037 3214 2312 3291 longiore
2345 3229 2451 3271 seu
2474 3210 2607 3271 bre-

398 3313 619 3385 ·viore,
649 3313 893 3374 insertis
919 3307 1019 3370 vel
1045 3310 1293 3370 omissis.
1308 3307 1624 3386 particulis
1649 3308 1727 3388 δε,
1757 3331 1854 3395 γε,
1884 3333 1971 3390 τε,
1996 3317 2058 3370 et
2089 3307 2406 3368 similibus.
