3175 5250
1132 479 1780 551 PRAEFA‘mo.
1985 566 1990 577 ,
2392 468 2578 553 mv'

381 690 565 751 utilius
595 689 807 747 Portus
824 688 893 746 in
922 686 1066 745 edit.
1107 686 1617 757 Commeliniana,
1647 698 1710 747 et
1733 692 2071 749 Benedictus
2083 692 2152 751 in
2183 692 2557 757 Salmurien-

382 783 449 850 εἰ,
476 782 586 858 qui
615 781 1007 857 paraphrasin
1038 799 1075 837 a
1102 797 1166 836 se
1189 780 1528 839 confectam
1572 779 1807 854 adjecit.
1847 783 2094 843 Novam
2122 786 2559 862 interpretatio·
2683 776 2686 785 ⁵

373 893 517 935 nem
542 875 886 933 Schmidius
908 873 1217 931 adornavit
1241 875 1420 931 nimis
1448 875 1525 933 ad
1553 877 1825 946 verbum,
1851 896 2032 936 sensu
2065 882 2249 938 etiam
2278 879 2559 941 obscura-

376 976 462 1037 to,
492 975 557 1025 et
580 968 811 1043 poetice
836 968 903 1024 vi
930 968 1171 1043 penitus
1200 968 1479 1040 sublata3
1525 956 1902 1030 retinuerunt
1925 990 2059 1030 eam
2089 975 2414 1031 oxonienses
2435 991 2562 1033 una

373 1078 515 1118 cum
547 1060 852 1119 Benedicti
880 1060 1244 1136 paraphrasi,
1275 1057 1510 1133 adjecta
1546 1062 1622 1120 ad
1660 1064 1882 1123 calcem
1907 1065 2246 1125 Sudoriana
2269 1069 2559 1142 interpre-

375 1157 607 1215 tatione
635 1158 903 1215 versibus
926 1159 1142 1215 comtis
1166 1166 1227 1214 et
1254 1158 1658 1234 elegantibus,
1683 1160 1786 1218 sed
1817 1162 1880 1219 in
1899 1162 2115 1237 quibus
2145 1162 2448 1219 Pindarus
2478 1162 2556 1220 ad

378 1248 748 1310 Horatianos
770 1268 1076 1319 numeros,
1101 1252 1432 1310 sententias
1448 1261 1513 1310 et
1540 1262 1867 1314 structuras
1888 1263 2198 1313 revocatus
2229 1254 2557 1314 Horatium

385 1344 690 1411 mentitur,
718 1344 1053 1402 Pindarum
1086 1346 1271 1403 exuit.
1772 1348 1777 1357 '

467 1435 996 1511 Interpretationes
1047 1440 1441 1498 recentiorum
1501 1440 1857 1499 idiomatum
1921 1443 2233 1519 sigillatim
2288 1456 2560 1499 enarrare

386 1546 504 1587 nec
551 1537 746 1598 vacat,
778 1549 887 1588 nec
935 1549 1169 1590 necesse
1192 1540 1319 1604 est3
1367 1534 1659 1609 inprimis,
1688 1542 1830 1591 cum
1875 1534 1950 1591 ad
1992 1536 2230 1593 libellos
2259 1535 2563 1593 remittere

379 1622 608 1696 possim
638 1622 939 1690 lectorem,
965 1625 1025 1682 in
1060 1625 1280 1701 quibus
1305 1608 1425 1684 iliae
1450 1626 1777 1703 diligenter
1799 1637 2205 1687 recensentur.
2284 1627 2559 1693 Italicam

380 1717 554 1775 Alex.
582 1719 862 1785 Adimari,
896 1719 1223 1778 admodum
1250 1721 1562 1796 probatam
1593 1720 1783 1789 Italis,
1810 1737 1944 1795 quse
1997 1720 2154 1780 Pisae
2191 1721 2365 1778 1631.
2407 1722 2563 1795 (non

388 1810 597 1883 1521.)
628 1811 867 1886 prodiit,
895 1812 1160 1889 aliasque
1200 1815 1527 1873 nonnullas
1555 1823 1939 1872 enumeratas
1965 1814 2167 1872 videre
2192 1814 2333 1872 licet
2360 1815 2425 1871 in
2457 1810 2566 1873 Fi-

382 1904 534 1977 lippo
565 1906 830 1979 Arge-lati
862 1905 1174 1963 Biblioteca
1200 1908 1350 1980 degli
1387 1908 1830 1983 Volgarizzatori
1858 1917 2004 1967 tom.
2033 1909 2119 1966 iii.
2151 1924 2288 1984 pag.
2318 1907 2455 1967 203.
2478 1925 2572 1984 sq.

379 1996 642 2054 Accessit
671 2014 863 2073 nuper
887 1999 985 2057 .Ῑο.
1010 1999 1181 2074 Bapt.
1220 2001 1560 2065 Gualtierus.
1596 2001 1785 2079 (conf.
1812 1997 1997 2075 ejusd.
2027 2000 2192 2078 praef.
2214 2018 2271 2077 p.
2299 2017 2387 2060 11.
2417 1998 2568 2076 ιιι).

380 2088 635 2163 vulgati
662 2092 825 2148 enim
850 2091 927 2149 ab
950 2110 1024 2150 eo
1052 2099 1234 2150 sunt:

466 2179 922 2261 Ὀλυμπιονῖκαι.
998 2190 1036 2245 Ι
1060 2187 1329 2244 Vincitori
1384 2186 1645 2261 Olimpiei
1670 2189 1731 2244 di
1783 2183 2062 2254 Pindaro,
2095 2188 2329 2244 tradotti
2353 2188 2414 2244 in
2443 2187 2567 2244 Ita-

550 2285 697 2341 liaue
724 2288 980 2344 (lanzoni
1005 2286 1074 2341 ed
1103 2285 1374 2342 illustrati
1403 2300 1502 2339 con
1528 2284 1757 2356 postille
1803 2284 1878 2339 da
1921 2281 2274 2339 Gianbatista
2310 2283 2564 2340 Gautier.
2604 2317 2616 2325 -

546 2372 622 2431 In
652 2374 870 2444 Roma,
908 2378 976 2440 17
985 2377 1080 2435 62.
1111 2384 1171 2435 et
1200 2373 1571 2451 Πυθιονῖκαι,
1609 2377 1792 2440 1765.
1853 2376 1892 2433 8
1923 2369 2066 2447 maj.
2118 2376 2325 2451 graecis
2353 2394 2428 2434 ex
2455 2378 2568 2435 ed·-

546 2483 718 2526 verso
747 2470 1057 2545 appositis.

458 2559 851 2618 Ornamentis
879 2561 1119 2618 libellus
1138 2562 1581 2637 typographicis
1605 2563 1872 2637 insignis
1895 2568 2025 2615 est:
2058 2576 2171 2615 nec
2191 2562 2359 2619 deest
2381 2561 2568 2620 inter·
2637 2592 2644 2597 -

385 2656 707 2728 pretationi
783 2654 1086 2732 elegantia
1148 2671 1295 2724 sua;
1343 2652 1447 2710 sed
1507 2670 1720 2730 graecae
1776 2651 2053 2709 lectionis
2111 2654 2414 2711 interdum
2492 2676 2569 2717 ne

387 2747 641 2824 vestigia
666 2747 917 2822 quidem
945 2748 1008 2804 in
1035 2746 1189 2803 Italo
1218 2746 1541 2821 interprete
1593 2744 1815 2809 videas,
1846 2744 1949 2818 qui
1977 2744 2232 2802 omnino
2279 2761 2353 2803 ex
2377 2748 2572 2809 latina

386 2844 659 2901 versione
682 2850 745 2900 et
772 2859 846 2900 ex
876 2843 1155 2900 Adimaro
1178 2859 1382 2916 sapere
1407 2839 1665 2898 videtur.
1771 2837 2077 2897 Laudatur
2104 2847 2305 2899 tamen
2330 2842 2572 2904 libellus

380 2937 648 2993 certatim
690 2936 769 2993 ab
809 2935 997 2995 italis.
1038 2954 1096 2993 v.
1157 2921 1422 3010 Arg-elati
1463 2931 1798 2991 Biblioteca
1838 2929 1999 3008 degli
2067 2933 2569 3010 Volgarizzatori.

388 3026 702 3086 Addizioni
724 3036 873 3086 tom.
894 3046 953 3086 v.
978 3045 1038 3103 p.
1067 3028 1204 3087 614.
1258 3028 1398 3089 764.
1452 3080 1457 3086 ,
1489 3028 1650 3084 Sunt
1677 3030 1961 3100 praeterea
1990 3025 2098 3081 Odi
2124 3027 2311 3082 seielte
2327 3029 2387 3083 di
2417 3026 2570 3086 Pin·
2653 3073 2670 3088 .

352 3153 359 3158 -
391 3121 534 3175 duro
561 3122 621 3178 di
656 3122 804 3178 Guae.
834 3121 1076 3179 Masuri.
1162 3121 1412 3186 Sassari,
1469 3117 1645 3181 1776.

474 3212 753 3280 Gallicas,
779 3217 955 3272 etiam
985 3215 1367 3291 singularum
1394 3212 1686 3279 Odarum,
1716 3209 2266 3284 interpretationes,
2297 3229 2438 3272 cum
2470 3216 2567 3286 iis,

389 3309 618 3385 quein
648 3310 1106 3369 Commentariis
1129 3309 1463 3367 Academioe
1514 3306 1806 3381 Inscript.
1835 3313 1896 3362 et
1950 3304 2238 3383 Elegant.
2279 3304 2426 3367 Litt.
2468 3328 2568 3368 oc-

382 3415 658 3475 currunt,
701 3407 900 3465 videre
953 3408 1098 3465 licet
1148 3425 1248 3481 ap.
1294 3406 1446 3463 Abb.
1489 3404 1779 3462 Guietum
1831 3401 2216 3478 Bibliotheqne
2254 3402 2566 3485 Franfoise

384 3508 537 3559 tom.
566 3502 649 3557 iv.
680 3518 740 3576 p.
768 3501 912 3560 249.
952 3499 1108 3558 Inde
1135 3519 1193 3559 a.
1220 3499 1401 3562 1754.
1442 3498 1550 3556 Les
1580 3499 1932 3574 Olympiques
1980 3497 2050 3553 de
2097 3496 2385 3568 Pindare,
2417 3503 2568 3563 trad.

374 3613 495 3671 par
524 3595 645 3654 Mr.
690 3597 763 3653 de
788 3597 991 3672 Sozzy.
1043 3597 1147 3676 12..
1168 3594 1457 3670 prodiere,
1479 3593 1637 3651 unde
1682 3591 2026 3667 specimina,
2055 3609 2194 3651 cum
2223 3605 2416 3671 poetae
2466 3595 2571 3653 ad-

378 3703 593 3746 versus
620 3689 1043 3747 obtrectatores
1071 3687 1436 3754 defensione,
1464 3686 1688 3744 inserta
1713 3684 1974 3742 vidimus
2002 3686 2064 3742 in
2091 3687 2295 3746 libello
2324 3706 2452 3746 non
2475 3689 2572 3744 in-

378 3784 699 3860 eleganter
722 3783 944 3858 scripto
968 3807 983 3838 =
1030 3782 1303 3839 Discours
1327 3798 1424 3838 sta·
1453 3780 1512 3835 la
1540 3780 1732 3837 Poesie
1763 3778 1997 3853 lyr-ique.
2041 3777 2231 3837 Paris.
2260 3779 2445 3842 1761.
2474 3780 2570 3839 12.

384 3880 665 3954 (anctore
692 3877 809 3936 Mr.
846 3879 1077 3935 Gorsart
1108 3877 1195 3951 ὓ.)

462 3971 786 4047 superiore
840 3988 1010 4030 anno
1058 3971 1178 4030 duo
1228 3971 1582 4048 interpretes
1638 3964 1859 4024 Gallici
1914 3965 2245 4025 extiterunt
2297 3966 2564 4041 Parisiis,
2671 4023 2684 4034 .

482 4160 513 4190 ⁸
536 4160 832 4226 Diligentius
864 4161 970 4212 haee
992 4173 1122 4210 nune
1144 4160 1361 4228 exposita
1374 4169 1488 4208 sunt
1508 4159 1570 4206 ab
1609 4154 1826 4206 llarlesio
1847 4156 1898 4205 in
1943 4154 2073 4206 Bibl.
2105 4171 2187 4219 gr.
2217 4166 2331 4206 tom.
2371 4159 2423 4210 ii.
2461 4175 2579 4226 pag.
2651 4162 2656 4170 '

380 4241 480 4288 ⁷5.
511 4252 581 4300 sq.
