3175 5250
620 475 854 542 xxxviii
1374 475 1999 549 PRAEFATIO.

618 690 849 758 partem
878 677 1150 737 codicum
1195 678 1308 736 sub
1360 680 1491 754 ipsa
1538 681 1945 759 typographiae
1995 684 2265 742 inventa
2321 691 2593 761 tempora
2640 690 2786 751 acri·

616 785 784 852 ptam
811 790 938 830 esse
967 790 1093 830 non
1117 773 1383 830 obscuris
1415 772 1652 831 indiciis
1681 762 1938 833 constat.¹
2011 774 2243 833 Eadem
2289 785 2579 854 tanquam
2623 790 2784 841 unn-

614 870 831 926 sitione
858 866 1036 935 facta,
1048 866 1119 923 ad
1151 867 1438 934 codicem,
1458 868 1563 942 qui
1592 854 1787 942 nuper
1815 868 1990 925 nobis
2013 868 2252 929 oblatus
2280 882 2390 941 est,
2420 873 2783 934 deducemur
2833 878 2839 883 '

613 961 818 1035 paucis
844 958 1319 1017 describendum.

692 1051 834 1109 Non
861 1052 1100 1126 quidem
1126 1051 1197 1108 iis
1225 1050 1299 1109 de
1322 1050 1598 1108 codicum
1623 1058 1798 1110 aetate
1826 1048 2097 1124 judiciis,
2123 1072 2262 1130 quae
2300 1057 2489 1135 vulgo
2517 1060 2578 1115 in
2597 1057 2779 1116 libra-

611 1145 714 1203 riis
755 1146 1094 1204 recensibiis
1129 1143 1423 1217 feruntur,
1467 1145 1728 1202 multum
1771 1146 2133 1205 tribuimus:
2186 1166 2316 1207 esse
2339 1158 2545 1216 tamen
2575 1168 2780 1209 recen-

609 1239 787 1298 tiores
811 1240 1049 1298 Pindari
1070 1238 1303 1296 codices
1339 1254 1571 1306 omnes,
1599 1238 1830 1312 liquido
1858 1251 2121 1316 apparet.

688 1335 960 1393 Medicea
1000 1349 1221 1390 novem
1267 1331 1516 1406 scriptos
1564 1331 1798 1389 codices
1845 1333 2045 1403 habet,
2090 1354 2240 1412 quos
2283 1356 2320 1394 a
2355 1335 2659 1393 Bandinio
2705 1335 2775 1394 V.

606 1429 704 1487 Cl.
742 1429 807 1485 in
855 1425 1147 1502 Catalogo
1175 1423 1361 1481 Codd.
1411 1423 1571 1481 Bibl.
1604 1423 1820 1484 Medic.
1871 1434 2017 1486 tom.
2068 1430 2129 1487 ii.
2184 1449 2241 1506 p.
2288 1430 2388 1488 81.
2442 1428 2575 1487 128.
2633 1429 2773 1491 178.-

611 1524 747 1581 195.
813 1523 946 1582 196.
1004 1522 1134 1583 197.
1192 1521 1326 1577 202.
1386 1520 1525 1579 203.
1580 1519 1729 1578 209.
1805 1534 2308 1583 commemoratos
2362 1524 2563 1581 videre
2615 1525 2775 1580 licet.

604 1620 833 1677 Omnes
876 1627 1020 1676 sunt
1061 1609 1431 1682 recentiores,
1476 1622 1537 1673 et
1578 1616 1844 1691 plerique
1887 1619 2304 1679 voluminibus
2347 1620 2564 1677 iisdem
2602 1617 2774 1694 plura

602 1714 739 1781 alia,
770 1731 827 1771 v,
855 1730 905 1771 c.
929 1710 1250 1786 EuripidiS,
1278 1709 1527 1767 Hesiodi
1554 1718 1668 1768 etc.
1697 1711 2198 1785 complectuntur.
2256 1714 2538 1774 Quatuor
2556 1710 2767 1785 Olym-

599 1810 702 1885 pia
727 1814 959 1864 tantum
990 1823 1127 1863 cum
1169 1804 1408 1861 scholiis
1436 1803 1746 1871 exhibent,
1776 1805 1923 1862 Saec.
1966 1806 2088 1863 xiv.
2116 1824 2216 1864 xv.
2244 1807 2366 1863 xvi.
2393 1805 2618 1878 scripti,
2661 1805 2764 1860 iis-

598 1920 714 1978 que
742 1900 1058 1965 chartacei,
1091 1915 1212 1954 uno
1238 1896 1604 1971 bombycino
1633 1904 1899 1971 excepto.
1983 1899 2267 1974 Olympia
2292 1905 2352 1954 et
2380 1896 2595 1972 Pythia
2617 1895 2761 1962 duo,

594 1995 744 2053 Saec.
767 1993 888 2049 xiv.
914 1991 1136 2064 scripti,
1158 1990 1308 2045 alter
1330 1989 1570 2062 quidem
1598 1987 2012 2065 bombycinus,
2038 2008 2174 2049 cum
2193 1989 2435 2049 scholiis
2459 1996 2519 2046 et
2545 1987 2760 2065 glossis

596 2083 1099 2149 interlinearibu3‚
1129 2082 1229 2138 sed
1260 2083 1325 2137 in
1355 2081 1529 2156 Pyth.
1570 2083 1788 2155 quinta
1815 2083 2118 2151 deficiens.
2199 2084 2453 2141 Restant
2485 2084 2628 2151 duo,
2656 2080 2761 2156 qui

595 2197 734 2239 cum
784 2175 1083 2251 Olympiis
1130 2182 1191 2231 et
1246 2174 1476 2248 Pythiis
1518 2175 1699 2232 etiarn
1737 2175 1968 2235 Nemea
2005 2186 2066 2237 et
2107 2178 2365 2237 Isthmia
2401 2177 2758 2235 continent:

595 2273 744 2331 alter
790 2268 1283 2327 membranaceus
1339 2269 1484 2325 Soec.
1535 2269 1657 2325 xvi.
1707 2269 1840 2326 sine
1893 2270 2169 2340 Scholiis,
2221 2273 2371 2330 alter
2417 2272 2760 2329 chartaceus

496 2404 505 2409 -
594 2367 741 2423 Soec.
767 2363 888 2419 xiv.
934 2378 1071 2417 cum
1120 2359 1382 2426 scholiis,
1418 2377 1555 2435 quse
1589 2378 1778 2435 usque
1819 2362 1894 2418 ad
1943 2364 2129 2422 finem
2183 2365 2412 2422 ultime
2451 2352 2758 2419 Isthmicae

469 2486 475 2495 ·
590 2457 942 2538 procedunt,
972 2462 1384 2527 uterquecum
1414 2455 1793 2521 x.'versibus,
1837 2455 1911 2512 de
1953 2456 2172 2529 quibus
2218 2475 2273 2514 v.
2305 2458 2379 2515 ad
2411 2455 2555 2512 calc.
2594 2451 2755 2509 Isth-

588 2554 867 2611 miorum.
949 2543 1229 2620 Subjecta
1268 2549 1528 2607 Pindaro
1557 2556 1702 2605 sunt
1745 2551 1806 2606 in
1853 2558 2105 2627 utroque
2143 2552 2454 2609 volumine
2479 2550 2630 2607 alia:
2687 2547 2754 2606 in

589 2646 696 2704 illo
729 2641 974 2700 Hesiodi
1001 2659 1180 2716 opera
1207 2649 1267 2698 et
1293 2641 1419 2699 dies
1442 2668 1458 2712 ;
1502 2643 1570 2699 in
1601 2642 1716 2699 hoc
1736 2642 2112 2713 Theocritus,
2143 2645 2504 2721 Lycophron
2532 2651 2595 2700 et
2621 2642 2756 2700 alia.

586 2740 686 2798 Ex
711 2736 994 2796 omnibus
1020 2735 1113 2793 his
1142 2735 1313 2793 codd.
1349 2736 1560 2793 saltem
1590 2736 1805 2793 ultimo
1832 2738 1966 2795 loco
1993 2746 2394 2796 memoratum
2422 2735 2754 2794 accuratius
2855 2789 2862 2810 ,

584 2834 916 2907 inspectum
937 2846 1067 2918 esse
1090 2830 1330 2888 vellem.

662 2925 740 2984 In
770 2924 1070 2984 Vaticana
1088 2925 1346 3000 primum
1376 2923 1623 2984 Pindari
1641 2923 1922 3001 Olympia
1941 2942 2079 2982 cum
2103 2922 2365 2990 scholiis,
2389 2928 2520 2977 tum
2539 2918 2749 2977 eadem

581 3021 712 3079 sine
741 3019 980 3078 scholiis
1006 3047 1024 3094 3
1084 3020 1289 3079 decem
1326 3019 1491 3079 Odas
1526 3021 1756 3096 (nescio
1796 3036 1878 3077 an
1920 3015 2366 3095 Olympiorum)
2395 3031 2536 3071 cum
2563 3011 2745 3070 scho-

579 3115 714 3186 liis3
764 3132 939 3190 porro
962 3115 1270 3192 integrum
1301 3115 1630 3176 Pindarum
1660 3140 1677 3185 3
1729 3124 1863 3172 tum
1889 3110 2296 3190 fragmentum
2322 3127 2399 3167 ex
2423 3106 2745 3165 bibliothe-

578 3225 650 3264 ca
679 3208 842 3266 Alex.
888 3207 1159 3280 Patavi13
1212 3204 1409 3283 (cujus
1436 3210 1588 3265 alius
1617 3208 1805 3266 codex
1833 3206 2077 3265 Pindari
2106 3199 2183 3265 ad
2227 3205 2308 3263 1⁸.
2353 3202 2637 3261 vossium
2682 3205 2745 3257 et

579 3298 722 3355 hinc
749 3298 815 3354 in
855 3298 1280 3356 bibliothecam
1314 3295 1669 3358 Leidensem
1710 3301 2013 3375 pervenit)
2052 3317 2227 3375 porro
2275 3296 2521 3356 Pindari
2563 3309 2744 3368 opera
2801 3345 2808 3356 .

576 3405 716 3448 cum
739 3401 938 3447 vetere
968 3392 1317 3459 Scholiasta,
1344 3409 1379 3448 e
1402 3392 1675 3451 biblioth.
1716 3391 1974 3471 Reginae
1989 3395 2236 3460 Sueciae,
2265 3390 2517 3451 Homeri
2535 3389 2741 3446 Batra-

575 3482 1066 3558 chomyomachia
1093 3493 1155 3542 et
1180 3483 1312 3542 aliis
1354 3479 1623 3556 adjectis,
1662 3497 1990 3546 memorata
2027 3487 2301 3545 videmus
2347 3504 2385 3554 a
2429 3480 2737 3542 Montfau-

571 3576 790 3647 coni03
846 3577 998 3634 etin
1029 3577 1394 3636 bibliotheca
1431 3575 1848 3639 ottoboniana
1876 3581 2120 3640 Pindari
2162 3578 2429 3636 codicem
2475 3592 2601 3634 non
2628 3588 2737 3630 an·

570 3670 830 3746 tiquum.
915 3668 1011 3727 De
1046 3669 1333 3729 Palatinis
1372 3672 1542 3732 codd.
1588 3693 1768 3752 supra
1806 3675 2085 3733 vidimus.
2166 3673 2391 3730 Praeter
2433 3678 2553 3746 tres
2602 3666 2737 3723 illos

566 3771 813 3840 quartus
853 3764 916 3820 in
964 3763 1317 3824 Vaticanum
1347 3766 1548 3825 illatus
1577 3786 1704 3827 esse
1749 3769 1947 3836 debet,
1976 3783 2157 3842 quem
2195 3765 2474 3842 Sylburg.
2525 3778 2588 3818 n.
2630 3758 2726 3817 9⁹.

566 3865 858 3916 memorat
877 3856 934 3915 ἦ.
1017 3857 1358 3929 Florentiae,
1400 3869 1616 3935 praeter
1639 3861 1940 3920 Mediceos
1971 3876 2150 3933 supra
2189 3860 2570 3919 memoratos»
2600 3848 2734 3904 bibe

630 4035 666 4067 ⁴
705 4032 906 4097 Scripsit
938 4033 1230 4100 uagas-dun
1262 4035 1320 4084 ad
1344 4051 1423 4086 me
1463 4035 1634 4087 litteris
1663 4050 1714 4084 a.
1762 4034 1905 4083 1⁷⁷8.
1936 4033 2094 4084 datiae
2137 4033 2240 4082 “In
2282 4034 2519 4084 Vaticana
2552 4028 2727 4079 biblio·

562 4108 703 4158 theca
741 4124 839 4158 uon
870 4112 1074 4178 quinque
1110 4114 1184 4160 vel
1227 4128 1307 4162 sex
1339 4114 1526 4164 codices
1558 4110 1752 4162 Pindari
1785 4110 1918 4160 Odas
1948 4119 2031 4158 aut
2056 4127 2219 4160 omnes
2252 4122 2335 4160 aut
2365 4109 2545 4175 aliquas
2571 4107 2727 4157 conti-

564 4194 733 4234 nentes
765 4179 1098 4251 asservantdr3
1153 4190 1235 4238 ned
1271 4191 1463 4254 triginta
1505 4190 1710 4246 circiter,
1742 4189 1832 4238 nisi
1869 4190 2094 4238 memoria
2135 4205 2209 4237 me
2251 4186 2392 4251 fallit,
2434 4186 2586 4235 oculis
2618 4186 2744 4251 ipse-

562 4262 678 4311 meis
715 4262 826 4311 olim
863 4263 977 4326 vidi,
1012 4281 1209 4330 quorum
1245 4268 1459 4317 nonnulli
1494 4268 1759 4334 perantiqui
1790 4273 1915 4325 snut,
1954 4267 2040 4315 etsi
2072 4265 2257 4316 decimo
2287 4265 2457 4315 seculo
2491 4265 2725 4330 posterio-

560 4355 652 4399 res,
671 4341 880 4405 plerique
914 4356 1024 4390 vero
1057 4344 1136 4392 alii
1157 4344 1336 4393 suculis
1352 4345 1448 4393 xiv.
1476 4355 1527 4395 et
1546 4363 1625 4396 xv.
1645 4345 1867 4398 exarati?
1915 4343 2064 4397 Porro
2093 4343 2146 4396 in
2166 4343 2472 4397 Bibliotheca
2490 4341 2726 4409 Augen-»t
