3175 5250
604 358 715 425 xiv
1448 362 2070 434 PRAEFATIO.

606 591 736 643 mo
780 565 1356 659 designaveram,
1397 587 1567 661 quae
1595 573 1838 639 tamen
1880 566 2043 639 aliis
2083 576 2166 641 ut
2198 570 2637 666 perficerent
2678 597 2789 647 re-

603 675 1013 779 linquenda
1036 698 1189 748 esse
1235 675 1577 749 videbam
1605 704 1624 760 3
1694 686 2027 751 curatum
2061 704 2104 752 a
2132 703 2253 753 me
2278 691 2407 766 est,
2430 691 2515 754 ut
2543 682 2638 755 ad
2673 686 2780 756 ul-

605 793 875 867 teriora
926 788 1406 884 pergentibus
1471 788 1590 860 via
1640 788 1735 861 sit
1791 789 2227 886 expeditior,
2314 792 2783 869 Scholiorum

600 926 904 1003 qnoque
970 924 1109 975 usu
1167 925 1367 973 nunc
1420 926 1465 973 a
1512 901 1764 974 multis
1823 900 2371 998 impedimentis
2423 907 2738 985 liberato
2762 938 2790 996 ς

600 1013 1204 1115 quandoquidem
1252 1014 1615 1100 existim0‚
1671 1013 2058 1087 hominum
2101 1014 2386 1089 ordinis
2432 1020 2590 1093 mei·
2633 1020 2788 1091 lau-

590 1129 779 1202 dem
811 1128 1137 1225 aliquam
1173 1147 1327 1199 esse
1349 1125 1540 1200 hanc
1555 1147 1876 1222 quoque,
1901 1126 1992 1210 si,
2038 1149 2192 1222 quo
2225 1127 2369 1222 ipsi
2395 1130 2781 1225 pervenire

602 1248 1000 1337 nequeant,
1035 1262 1123 1312 eo
1153 1247 1239 1310 ut
1267 1237 1393 1311 alii
1426 1238 1811 1335 pervenire
1839 1236 2141 1332 possint,
2175 1236 2577 1312 effecerint.
2794 1314 2799 1323 ,

705 1351 984 1446 Scripsi
1037 1351 1177 1423 sub
1251 1349 1426 1422 anni
1489 1373 1787 1426 xcvul.
1836 1348 2165 1435 exordia,
2225 1351 2513 1425 utinam
2560 1352 2790 1430 bonis

592 1462 854 1537 litteris
878 1463 1069 1535 bene
1094 1462 1460 1559 auspicata
1488 1464 1505 1533 !

2537 1628 2610 1647 φ

693 1820 946 1895 Restat
993 1844 1219 1904 nunc,
1264 1828 1348 1890 ut
1395 1841 1437 1890 e
1471 1818 1715 1912 priore
1742 1815 2062 1893 editione
2099 1831 2417 1919 repetam
2445 1846 2550 1908 ea,
2598 1848 2780 1922 quae

592 1933 694 2008 de
714 1930 1180 2004 Pindaricoe
1216 1928 1573 2002 lectionis
1602 1930 1980 2026 fontibus
2026 1942 2102 2006 et
2138 1933 2410 2008 rivulis
2441 1937 2774 2032 apposita
2873 2010 2878 2017 ,

598 2051 849 2125 erant3
913 2040 1320 2138 perscripta
1350 2064 1469 2112 an.
1511 2064 1829 2115 Lxxin.
1869 2043 2175 2138 adjectis
2208 2069 2250 2118 e
2282 2047 2537 2120 seriori
2592 2056 2774 2120 tem-

591 2175 774 2253 pore
822 2151 1263 2249 potioribus
1312 2153 1651 2227 virorum
1688 2153 2094 2231 doctorum
2123 2159 2413 2234 studiis
2443 2150 2527 2235 in
2577 2160 2775 2235 Pin-

592 2267 796 2342 daro
827 2265 1221 2339 collocatis·

1486 2382 1534 2429 ἢ
1656 2423 1705 2471 *ι
1822 2383 1870 2432 ¹*

690 2527 995 2601 Fundus
1051 2524 1470 2601 Pindaricae
1519 2524 1856 2602 lectionis
1898 2529 2219 2627 vulgatae
2276 2527 2617 2603 habenda
2663 2540 2771 2607 est

587 2645 829 2721 editio
875 2641 1275 2731 Romana,
1316 2642 1693 2717 Zachariae
1729 2643 2088 2741 Calliergi
2134 2643 2512 2718 Cretensis
2542 2669 2770 2741 opera

584 2754 989 2841 emendata,
1024 2756 1154 2853 qui
1181 2765 1368 2852 post
1400 2753 1696 2830 Aldum
1729 2756 1911 2829 alios
1935 2778 2209 2852 eosque
2234 2753 2768 2830 emendatiores

516 2931 521 2935 .
584 2869 875 2944 oodioes
898 2868 1231 2954 contulit,
1267 2868 1555 2941 metrici
1604 2892 1903 2967 quoque
1948 2877 2021 2941 et
2050 2867 2500 2940 scholiorum
2553 2867 2769 2940 ratio-

581 3009 753 3060 nem
783 2982 1065 3092 habuit.
1176 2979 1662 3082 Gallias-qum
1708 2985 2044 3079 neglecto
2077 2980 2231 3055 fere
2276 2978 2468 3053 Aldo
2498 3004 2769 3079 sequu-

580 3106 868 3178 taesunt
890 3094 1060 3169 edd.
1093 3105 1527 3191 sequentes:
1566 3093 2140 3180 Οναταηάνίηα,
2165 3089 2774 3179 Βναὸὰεήἰαηα,

577 3206 1104 3294 Moralium,
1165 3203 1784 3304 Stephanianoeg
1857 3206 1992 3279 etsi
2056 3206 2136 3279 in
2191 3229 2341 3280 una
2394 3206 2772 3301 alteraque

577 3315 924 3402 editione,
961 3317 1293 3390 virorum
1342 3316 1733 3394 doctorum
1782 3338 2032 3413 opera,
2085 3316 2444 3391 nonnulla
2492 3317 2762 3412 passim

577 3425 983 3515 emendata,
1035 3419 1293 3501 saltem
1341 3429 1728 3504 immutata
1780 3429 1951 3503 sint.
2058 3426 2296 3500 Fuere
2364 3435 2614 3498 autem
2665 3425 2762 3500 ad

574 3562 841 3613 manus
873 3539 1230 3615 editiones
1260 3539 1566 3616 Pindari
1609 3543 1763 3617 fere
1796 3561 2054 3617 omnes
2087 3569 2104 3622 ;
2141 3538 2399 3612 saltem
2420 3561 2553 3626 eae,
2583 3562 2758 3636 quae

470 3707 473 3718 .
572 3654 923 3727 criticum
953 3675 1171 3726 usum
1192 3662 1629 3751 praestarent
1649 3685 1674 3744 3
1727 3675 1970 3752 xeaque
2001 3651 2541 3750 opportunitas,
2583 3674 2762 3750 quae

570 3764 1347 3849 bibliothecae,nostroe
1382 3765 1828 3842 academicae
1861 3763 2198 3851 debetur,
2234 3787 2388 3836 non
2422 3764 2626 3861 parvi
2667 3761 2763 3835 ad

571 3881 907 3958 animum
966 3900 1223 3958 meum
1269 3889 1427 3953 erat
1461 3879 1847 3968 momenti,
1878 3886 1962 3951 ut
1992 3876 2322 3953 laborem
2374 3874 2578 3950 hunc
2607 3897 2766 3948 sus-

558 4012 926 4088 piperem.

568 4195 575 4202 ·
672 4099 1401 4199 Stephanianarum
1441 4110 1691 4186 antem
1744 4102 2170 4180 editionum
2214 4102 2754 4197 discrepantem

570 4212 960 4288 lectionem
996 4213 1627 4311 deprehenderam
1659 4215 1916 4288 multis
1946 4215 2023 4288 in
2058 4211 2262 4300 locis,
2291 4211 2530 4286 donec
2563 4209 2755 4285 illud

569 4323 1146 4400 animadvertere
1177 4324 1438 4398 licuit:
1501 4323 1836 4404 alteram
1877 4351 2000 4402 an.
2037 4324 2262 4403 1566.
2291 4349 2598 4411 novum,
2625 4319 2756 4398 sed
