3175 5250
558 523 601 565 x
1347 499 1958 573 PRAEFATIO.

561 688 1027 786 grandaevus»,
1072 687 1459 773 Bononioe,
1514 687 1770 762 Abbas
1819 685 2203 783 generali&
2255 685 2350 760 ml
2399 683 2762 760 meliores*

562 802 745 875 abiit
776 823 911 872 nec
950 799 1258 895 patriam
1316 823 1530 872 suam
1579 801 1802 874 novis·
1840 800 2062 874 rebus
2117 802 2482 873 turbatam
2531 797 2743 883 vidit,

484 978 488 982 Α
562 935 737 985 cnm
776 912 961 1006 ejus,
1000 912 1332 1008 inquam,
1368 911 1640 1013 ductus
1672 911 2080 985 litterarum
2111 912 2263 984 sint
2295 910 2565 985 minuti
2603 909 2745 982 lec-

418 1050 430 1067 *
508 1048 515 1064 ·
561 1033 800 1120 tuque
857 1021 1217 1109 difficiles,
1272 1038 1611 1095 meorum
1657 1032 1905 1096 autem
1958 1024 2352 1097 oculorum·
2377 1048 2466 1096 eu
2493 1025 2592 1096 sit
2621 1021 2745 1094 de·
2841 1030 2847 1041 '

564 1137 830 1224 bilitas,
871 1146 954 1208 ut
983 1158 1133 1208 non
1166 1136 1305 1207 nisi
1347 1140 1628 1230 magno
1652 1157 1827 1207 cum
1859 1133 2114 1207 dolore
2147 1133 2744 1208 intentiori·visui

563 1248 992 1344 indulgeam
1021 1277 1039 1321 ε
1091 1269 1243 1319 non
1263 1246 1478 1318 licuit
1493 1269 1583 1319 eo
1607 1256 1935 1344 tempore
1957 1246 2172 1343 plura
2193 1255 2491 1333 tentare,
2518 1268 2747 1343 quam

562 1368 649 1434 ut
690 1358 1076 1433 scheduloe
1128 1378 1409 1455 sparsas
1435 1380 1520 1429 ac
1568 1358 1845 1433 solutas
1892 1359 2322 1453 colligerem
2357 1383 2442 1432 ac
2465 1357 2752 1453 digere-

567 1493 755 1565 rem,
784 1478 860 1543 et
882 1471 1187 1566 potiora,
1211 1491 1385 1566 quae
1402 1490 1484 1541 ‘se
1503 1468 1932 1555 offerebant,
1958 1492 2458 1565 excerperem.
2526 1469 2751 1542 Nunc

565 1605 744 1679 opes
794 1583 955 1655 illas
999 1583 1077 1655 in
1118 1580 1566 1653 bibliotheca
1596 1590 1845 1653 nostra
1872 1580 2295 1654 academica
2323 1583 2644 1680 reposui,
2678 1589 2753 1654 et

566 1694 885 1767 aliorum
922 1693 1181 1767 usibus
1210 1690 1511 1788 reliqui.
1727 1728 1732 1732 ·
2649 1774 2654 1781 ξ

673 1805 895 1894 Nam,
932 1828 1108 1879 cum
1143 1806 1267 1890 ita,
1308 1813 1392 1876 ut
1437 1803 1624 1889 dixi,
1649 1886 1656 1891 ,
1677 1804 2161 1900 ambigerem,
2197 1813 2290 1889 et,
2333 1811 2414 1874 ut
2442 1802 2603 1876 fieri
2636 1826 2752 1874 so-

567 1919 673 1993 let
703 1920 785 1992 in
829 1918 945 2003 iis,
978 1917 1258 2013 quibus
1292 1937 1443 1987 non
1489 1915 1662 1987 satis
1708 1916 2182 2001 confidimus,
2218 1913 2402 1987 dum
2452 1915 2756 1987 animus

570 2029 873 2124 refugit,
905 2050 1065 2099 rem
1098 2014 1352 2099 ex.die
1385 2026 1465 2099 in
1495 2024 1697 2100 diem
1748 2029 2378 2125 procrastinamus,
2414 2036 2490 2099 et
2522 2036 2752 2100 metra

454 2192 461 2197 -
568 2135 1015 2215 excutienda
1066 2138 1149 2211 in
1201 2137 1547 2211 ultimum
1584 2163 1833 2236 operae
1867 2140 2116 2213 locum
2155 2139 2572 2213 differrem:
2624 2164 2755 2238 op-

570 2258 887 2349 portune
935 2249 1205 2334 evenit,
1252 2258 1338 2321 ut
1386 2250 1523 2323 viri
1581 2249 2011 2339 doctissimi,
2063 2252 2139 2325 G
2163 2276 2211 2325 o
2242 2275 2294 2325 n
2326 2274 2374 2323 o
2406 2274 2454 2323 ιτ
2475 2277 2532 2325 n
2563 2274 2614 2324 Ε
2638 2275 2692 2323 n
2717 2274 2752 2323 1

576 2364 651 2437 H
685 2387 734 2435 Β
761 2387 816 2435 n
853 2386 915 2435 Μ
947 2387 1001 2436 Α
1034 2385 1086 2435 ιι
1117 2385 1168 2435 N
1193 2386 1249 2448 1,
1285 2362 1479 2435 liber
1499 2361 1599 2437 de
1619 2366 1885 2438 metris
1906 2362 2366 2439 Groe'corum
2383 2362 2750 2460 prodiret:

574 2476 654 2548 in
689 2497 844 2572 quo
889 2473 1233 2551 videbam
1269 2496 1446 2551 eum
1481 2475 1579 2548 ita
1612 2474 2009 2573 disputare,
2051 2486 2132 2548 ut
2161 2498 2421 2549 omnes
2453 2484 2618 2547 ante
2649 2497 2752 2561 se,
2884 2498 2891 2507 ·

573 2589 793 2662 etiam
852 2585 1418 2684 Mingarellum,
1453 2597 1876 2687 superarem
1930 2610 2177 2687 neque
2228 2611 2384 2663 esse
2415 2588 2677 2675 alium,
2711 2610 2758 2660 a

577 2724 732 2799 quo
781 2699 1142 2797 expositio
1193 2710 1602 2776 metrorum
1658 2697 2224 2775 Pindaricorum
2262 2710 2413 2772 tam
2447 2699 2761 2772 feliciter

576 2812 862 2886 tractari
895 2811 1147 2909 possit.
1200 2812 1521 2886 Videbar
1551 2835 1757 2885 nunc
1792 2811 1977 2885 mihi
2010 2822 2260 2885 actum
2287 2800 2508 2906 agere
2538 2810 2753 2896 velle,

575 2925 639 2999 si
685 2933 852 3021 post
899 2946 1009 3010 ea,
1045 2945 1223 3021 quae
1252 2924 1537 3023 abipso
1562 2924 1940 3022 proposita
1968 2933 2195 3009 erant,
2220 2921 2508 3020 aliquid
2541 2943 2758 2993 cona-

454 3111 469 3132 ,
577 3060 729 3123 ren
781 3034 1076 3132 fuitque
1136 3034 1459 3110 Pindaro
1508 3036 2010 3110 fortuna-tam
2049 3027 2410 3132 propitia,
2441 3042 2545 3122 ut,
2579 3055 2756 3107 cum

574 3170 752 3224 eum
780 3143 1044 3236 litteris'
1063 3145 1439 3234 adiissem,
1468 3147 1694 3221 vellet
1724 3148 1805 3221 in
1829 3156 2072 3243 partes
2096 3165 2343 3244 operae
2376 3147 2455 3218 in
2486 3144 2761 3220 'Pinda-

471 3295 487 3306 ‘
576 3282 662 3331 ro
713 3257 1093 3329 collocatae
1142 3259 1414 3346 venire,
1452 3269 1526 3332 et
1557 3284 1716 3333 rem
1753 3261 1975 3356 longe
2019 3259 2537 3333 difficillimam
2567 3260 2763 3354 inse

579 3366 930 3464 recipere,
978 3369 1324 3464 precibus
1367 3372 1493 3445 ille
1542 3372 1732 3448 meis
1757 3372 2011 3444 locum
2053 3370 2545 3464 relinqueret3
2583 3391 2764 3466 pos-

578 3478 811 3550 tulavi
847 3501 1148 3575 quoque
1175 3479 1315 3556 hoc
1349 3485 1445 3556 ab
1477 3507 1590 3570 eo,
1621 3492 1724 3570 ut,
1753 3506 1929 3557 cum
1960 3507 2054 3556 ex
2088 3480 2267 3576 ipsis
2292 3479 2541 3552 metris
2563 3489 2763 3553 recte

578 3588 987 3666 constitutis
1043 3615 1235 3665 nova
1301 3596 1592 3669 critices
1661 3598 1967 3670 materia
2033 3591 2491 3690 suppetium
2553 3601 2762 3681 esset,

581 3700 951 3801 quicquid
982 3726 1025 3777 e
1059 3701 1415 3781 doctrinae
1449 3708 1684 3806 copiis
1716 3719 1847 3782 aut
1875 3705 2158 3803 ingenii
2210 3705 2559 3778 acumine
2591 3704 2766 3777 affc-

578 3814 896 3889 rendum
923 3813 1249 3903 haberet,
1285 3816 1608 3894 Pindaro
1641 3820 2094 3920 impertiret3
2146 3842 2192 3890 a
2221 3842 2342 3891 me
2376 3818 2580 3890 enim
2612 3839 2763 3889 non

580 3947 850 4015 meam,
895 3929 1029 4004 sed
1083 3927 1386 4005 Pindari
1421 3957 1757 4008 caussam
1795 3943 1870 4007 et
1896 3931 2382 4006 commodum
2433 3931 2512 4004 in
2557 3935 2761 4002 omni

578 4036 722 4110 hoc
755 4043 1053 4134 negotio
1084 4035 1418 4141 spectari.
1528 4045 1721 4126 Quae
1771 4069 1998 4145 quam
2041 4045 2394 4143 praeclare
2453 4043 2550 4114 ab
2603 4040 2765 4137 ipso

583 4159 874 4246 peracta
919 4152 1086 4241 sint,
1137 4154 1355 4232 docet
1403 4156 1960 4232 commentatio
2007 4156 2104 4231 de
2155 4157 2406 4231 metris
2459 4150 2765 4226 Pindari

579 4262 725 4335 vol.
762 4262 872 4335 iii.
912 4263 1228 4353 inserta;
1282 4269 1386 4340 ita
1416 4281 1521 4358 ut,
1558 4271 1621 4344 si
1655 4270 1864 4344 nulla
1894 4272 2040 4345 alia
2069 4271 2153 4343 in
2196 4293 2277 4344 re
2309 4269 2404 4343 de
2443 4265 2766 4342 Pindaro

580 4372 770 4446 ben‘e
804 4377 1233 4464 meruerim,
1271 4377 1455 4456 mihi
1493 4381 1659 4457 haec
1698 4379 1951 4458 saltem
1997 4383 2231 4479 gratia
2263 4388 2555 4460 maneat
2585 4378 2767 4453 inte-
