3175 5250
534 425 669 489 xxii
1396 421 2008 488 PRAEFATIO.
2095 472 2112 479 -

534 614 740 688 mine
772 611 868 686 ad
904 610 1465 710 Lycophronem
1491 611 2036 684 commentariis
2097 610 2194 683 ad
2220 632 2291 684 v.
2330 614 2501 689 174.
2541 616 2714 704 17&

421 820 424 825 ξ
522 735 620 798 ·ut
637 720 845 808 adeo,
883 723 1024 795 nisi
1046 721 1224 797 hinc
1258 746 1346 795 ea
1375 723 1808 819 transcripta
1855 732 2049 810 sunt,
2086 724 2421 822 utrisque
2483 724 2718 801 Scho-

521 835 656 908 liis
686 835 887 907 idem
919 845 1176 908 auctor
1204 834 1428 908 fuisse
1459 833 1815 906 videatur.
1923 833 2179 908 Multa
2244 837 2321 909 in
2388 839 2480 911 iis
2542 849 2716 912 sunt

522 948 1183 1043 grammaticorum
1223 949 1585 1042 seriorum
1619 957 2036 1025 commenta
2066 958 2142 1022 et
2170 951 2482 1027 minutae
2517 953 2717 1051 quae-

528 1060 918 1135 stiunculae
946 1085 973 1147 ς’
1018 1060 1112 1134 ad
1145 1061 1537 1134 verborum
1561 1066 1808 1135 tamen
1833 1061 2297 1157 singulorum
2331 1073 2407 1137 et
2429 1074 2715 1139 senten-

520 1169 803 1243 -tiarum
839 1172 1392 1267 grammaticam
1455 1171 2026 1245 declarationem
2075 1172 2275 1247 haud
2329 1198 2564 1273 patrea
2596 1200 2717 1249 oe·-

524 1292 860 1370 currum,
896 1307 1066 1382 quae
1105 1281 1411 1357 Pindari
1441 1283 1807 1358 studiosos
1818 1281 2085 1378 juvare
2147 1296 2479 1384 possunt.
2560 1285 2714 1359 Eu·-

519 1392 775 1468 stathii
798 1396 1019 1470 etiam
1039 1396 1223 1469 olim
1249 1395 1786 1471 Commentarii
1823 1398 1900 1469 in
1933 1395 2344 1471 Pindarum
2376 1396 2715 1472 suerunt:

532 1528 857 1605 quorum
885 1508 1398 1607 praefationem
1432 1512 1608 1585 satis
1656 1511 1959 1606 longam
1993 1520 2070 1583 et
2134 1511 2497 1586 eruditam
2566 1535 2720 1585 ma-

523 1624 987 1722 nuscriptam
1028 1625 1111 1698 in
1144 1626 1594 1701 bibliotheca
1653 1626 2063 1699 Basileensi
2098 1649 2178 1699 se
2211 1626 2484 1701 vidisse
2513 1628 2618 1700 ait
2644 1622 2716 1698 la

533 1733 879 1809 Crozein
897 1760 1017 1835 ep.
1044 1737 1138 1811 ad
1158 1735 1285 1810 Jo.
1323 1736 1576 1835 Chph.
1617 1736 1979 1811 Wolfium
2007 1737 2369 1811 Thestor.
2401 1737 2710 1834 Epistol.

532 1855 591 1918 t.
625 1849 734 1921 iii.
795 1872 866 1946 p.
935 1850 1114 1922 256.
1222 1848 1413 1927 Quae
1478 1846 1777 1921 tandem
1838 1847 2328 1946 praefiguntur
2392 1847 2712 1949 singulis

530 1961 987 2033 carnnnibus
1023 1954 1320 2030 scholia
1350 1956 1504 2057 περὶ
1551 1963 1697 2030 τῶν
1729 1955 2008 2053 κόλων,
2070 1963 2148 2034 in
2220 1958 2596 2056 Olympiis
2644 1965 2719 2029 et

530 2071 771 2165 prima
800 2067 1065 2164 Pythia
1080 2067 1389 2165 antiqua
1417 2079 1615 2156 sunt,
1642 2070 1936 2169 reliqua
1963 2097 2009 2144 a
2031 2068 2400 2145 Triclinio
2432 2068 2719 2144 confec-

531 2191 627 2267 m,
680 2181 809 2277 qui
836 2190 909 2254 et
944 2182 1191 2278 priora
1220 2182 1648 2255 emendasse
1679 2182 1929 2256 fertur.
1967 2184 2064 2258 cf.
2132 2183 2388 2256 Schol.
2425 2205 2501 2279 p.
2540 2183 2713 2257 169.

524 2293 636 2389 (p-
664 2296 786 2366 15.
818 2291 939 2365 ed.
977 2290 1283 2387 Oxon.).
1338 2292 1424 2366 In
1448 2294 1705 2368 metris
1738 2292 2186 2368 definiendis
2230 2318 2326 2367 an
2360 2294 2716 2367 ullaanti-
2753 2288 2756 2295 ⁴

535 2403 883 2501 quiorum
958 2405 1613 2500 grammaticorum
1670 2405 1899 2481 fuerit
1943 2428 2192 2504 opera,
2252 2403 2713 2502 pronuntiari

531 2518 838 2615 nequit,
822 2549 837 2565 ·
884 2518 949 2592 εἰ
974 2518 1117 2591 fuit
1144 2518 1326 2607 ulla,
1358 2506 1834 2594 librariorum
1874 2521 2268 2595 incuriaea
2317 2529 2428 2592 est
2494 2518 2718 2589 inter-

530 2642 767 2729 cepta.
871 2617 1353 2707 Grammatici
1375 2633 1686 2707 seriores
1710 2633 1804 2707 de
1850 2635 2104 2707 metris
2161 2629 2482 2705 multum
2516 2627 2714 2701 labo-

532 2754 817 2833 rarunt,
843 2746 1151 2819 famaue
1183 2746 1436 2844 aliqua
1459 2770 1552 2818 an
1582 2748 1868 2820 ratione
1900 2746 2055 2819 ulla
2084 2744 2316 2830 ducti,
2345 2744 2711 2815 incertum
2831 2773 2836 2780 ·

530 2868 691 2944 est;
746 2867 940 2933 certe
975 2879 1101 2932 eos
1127 2859 1365 2932 multa
1395 2868 1819 2936 commenta
1862 2857 2215 2943 attulisse,
2273 2843 2593 2926 metrum
2617 2873 2714 2925 ex

533 2996 685 3046 una
716 2967 1035 3046 alterave
1067 2971 1371 3070 stropha
1433 2971 1927 3058 constituisse,
1991 2970 2470 3067 reliquasque
2534 2977 2716 3093 typo
2817 3051 2826 3062 κ

531 3085 745 3159 metri
781 3085 1007 3159 semel
1059 3085 1389 3160 consecto
1447 3083 2006 3158 accommodare
2060 3082 2378 3155 voluisse
2445 3079 2718 3178 passim

530 3198 1001 3271 manifestum
1022 3196 1131 3268 fit.
1236 3197 1428 3278 Quae
1463 3221 1578 3270 res
1594 3200 1811 3273 toties
1845 3208 2296 3270 transversos
2317 3195 2496 3290 egit,
2533 3213 2712 3266 eum

530 3308 737 3392 alios,
772 3316 934 3379 tum
975 3303 1366 3382 Erasmum
1407 3306 1905 3400 Schmidium,
1943 3310 2074 3407 qui
2125 3327 2428 3404 gravem
2466 3306 2719 3400 objur-

530 3428 866 3516 gatorem
920 3427 1180 3492 nactus
1246 3428 1356 3492 est
1427 3418 1847 3511 Pauwium,
1920 3423 2165 3496 virum
2224 3416 2423 3490 haud
2485 3415 2715 3489 dubie

534 3553 777 3629 graece
810 3529 1110 3604 doctum
1139 3561 1158 3619 ;
1209 3530 1364 3621 sed,
1401 3541 1479 3605 ut
1501 3532 1776 3608 fastum
1798 3530 2348 3620 intolerabilem
2371 3540 2448 3604 et
2475 3549 2720 3626 agres-

516 3655 683 3720 tem
708 3643 1139 3744 durumque
1161 3641 1499 3720 anim’um
1528 3647 1672 3722 viri
1706 3645 2167 3764 superciliosi
2206 3654 2280 3717 et
2309 3641 2720 3716 stomacho-

525 3763 595 3836 εἰ
620 3772 925 3849 taceam,
946 3763 1388 3838 commentis
1415 3764 1916 3860 grammaticis
1933 3781 2084 3857 non
2120 3759 2370 3834 minus
2394 3758 2716 3834 nimium

528 3874 1005 3963 tribuentem,
1054 3871 1200 3947 alia
1246 3897 1383 3973 pro
1416 3876 1722 3949 arbitrio
1755 3883 2124 3971 agentem,
2180 3891 2375 3945 nova
2427 3866 2718 3941 somnia

526 3987 900 4060 veteribus
923 3988 1515 4064 substituentem.
1627 3985 1760 4058 ln
1740 3988 1831 4059 1is
1864 3995 2111 4060 tamen
2138 3982 2550 4059 accuratius
2572 3977 2721 4049 dis-

523 4093 919 4190 quirendis
949 4122 1174 4223 opera
1206 4093 1456 4178 nostra
1476 4099 1819 4196 occupari
1850 4122 1988 4171 nec
2011 4105 2300 4195 poterat
2324 4116 2464 4193 nec
2491 4089 2721 4164 debe-

529 4205 677 4291 bat,
706 4207 814 4278 uti
841 4209 1081 4290 necin
1101 4211 1414 4285 dialecto
1433 4210 1918 4284 restituenda.
1957 4211 2035 4283 in
2061 4233 2208 4306 qua
2226 4185 2486 4282 dubito
2498 4227 2598 4276 an
2625 4199 2721 4274 ad

527 4315 817 4415 regulas
846 4343 930 4391 ac
966 4332 1334 4419 praecepta
1366 4324 1540 4395 satis
1562 4331 1718 4395 tuto
1754 4345 1952 4395 nunc
2007 4343 2122 4394 res
2180 4320 2465 4442 ubique
2513 4338 2719 4390 revo-

526 4435 673 4508 cari
703 4434 953 4532 possit.
