3175 5250
1140 486 1727 583 PRAEFATIO.
2401 508 2576 577 'xxv

488 700 771 790 Πινδάρου
796 698 1122 784 Ὀλύμπια.
1146 698 1373 766 Πύθια.
1393 698 1620 781 Νέμεα.
1639 702 1909 780 Ἰσθμια.
1937 731 2011 748 --
2033 701 2273 776 subjecto
2303 703 2572 769 Callima·

569 805 688 871 cho,
717 804 994 879 Dionysio
1022 803 1091 860 de
1115 802 1227 859 situ
1253 802 1400 858 orbis
1425 808 1482 858 et
1511 801 1888 876 Lycophronis
1925 800 2294 877 Alexandria.
2340 804 2576 878 (omnia

565 897 814 973 grace).
866 894 1141 953 Veneriis
1201 895 1269 952 in
1300 895 1476 952 aedib.
1516 890 1653 951 Aldi
1701 900 1764 950 et
1791 892 2044 950 Andreae
2086 892 2334 952 Asulani
2361 900 2570 970 soceri,

564 1006 773 1047 mense
796 986 1094 1047 Januario
1128 987 1303 1046 1513.
1344 986 1403 1044 8.
1440 986 1552 1043 fol.
1592 985 1744 1049 373.

480 1078 736 1140 Praefixa
761 1090 851 1140 est
877 1081 1015 1139 Aldi
1041 1078 1308 1138 Manutii
1336 1078 1414 1137 ad
1443 1078 1599 1136 And.
1640 1077 2020 1155 Naugerium
2047 1077 2301 1153 epistola
2322 1100 2359 1138 a
2383 1080 2570 1142 Mait-

406 1174 579 1234 tairio
625 1192 865 1253 quoque
893 1175 1201 1234 redhibita
1242 1175 1465 1233 Annal.
1503 1182 1553 1233 t.
1579 1175 1643 1235 ii.
1684 1193 1743 1250 p.
1791 1174 1923 1231 148.
1967 1174 2051 1231 'in
2098 1191 2218 1248 qua
2244 1177 2569 1254 significat,

405 1268 662 1341 primum
708 1270 874 1326 hune
915 1285 1046 1326 esse
1072 1286 1107 1325 e
1135 1267 1521 1343 scriptoribus
1566 1269 1801 1344 graecis,
1843 1283 1992 1340 quos
2020 1285 2269 1327 excusos
2297 1272 2573 1331 emittere

408 1363 782 1419 constituerit
801 1386 907 1433 ;···
930 1360 989 1418 N
993 1360 1241 1436 augerio
1262 1378 1326 1418 se
1348 1360 1668 1418 inscribere
1680 1359 2005 1418 Pindarum
2030 1352 2211 1419 etiam
2241 1372 2568 1440 propterea,

384 1455 563 1528 -qaia,
586 1454 808 1529 inquit,
848 1457 926 1512 sic
945 1455 1237 1512 delectaris
1265 1453 1366 1527 hoc
1404 1460 1596 1527 poeta,
1626 1460 1689 1510 ut
1710 1471 1864 1527 soepe
1904 1472 2027 1510 eum
2056 1461 2155 1511 tua
2193 1473 2363 1515 manu
2402 1476 2569 1517 accu-

411 1552 537 1603 rate
562 1546 941 1620 descripseris3
974 1553 1129 1620 puto,
1157 1551 1223 1601 ut
1253 1545 1353 1601 tibi
1376 1547 1554 1619 magis
1556 1545 1727 1620 fieret
1730 1544 2062 1620 familiaris,
2087 1554 2202 1603 tum
2222 1559 2285 1605 ut
2306 1551 2569 1609 ediscere-

411 1646 505 1696 ταν
531 1656 571 1694 α
600 1636 895 1713 iesacilius
921 1644 973 1694 et
996 1643 1272 1694 teneretur
1296 1639 1559 1694 memoria
1584 1639 1846 1695 tenacius.
1911 1637 2068 1693 Fieri
2096 1656 2238 1715 ergo
2258 1648 2471 1714 potest,
2498 1649 2573 1698 ut

410 1730 569 1789 inter
589 1730 943 1788 recentiores
970 1730 1199 1787 codices
1228 1729 1354 1786 sint
1382 1729 1670 1787 nonnulli
1698 1727 2084 1804 Naugeriano
2103 1730 2331 1788 calamo
2359 1748 2568 1791 exara-

406 1820 470 1877 ti.
545 1820 678 1879 Nec
704 1821 968 1880 multum
995 1823 1230 1889 absum,
1260 1821 1409 1895 quin
1439 1820 1514 1878 ad
1565 1821 1696 1889 hos,
1744 1821 1958 1878 saltem
2011 1831 2294 1897 tanquam
2342 1822 2566 1894 fontes,

396 1913 644 1972 referam
666 1913 1010 1972 Palatinum
1031 1915 1104 1971 C.
1135 1912 1534 1970 Bodleianum
1557 1912 1628 1970 C.
1649 1921 1711 1970 et
1732 1913 2171 1989 Augustanum.
2197 1912 2408 1973 Paullo
2431 1925 2570 1991 post

400 2002 721 2086 subjungit
741 2009 967 2067 Aldus:
1012 2008 1419 2065 Conmentaria
1445 2014 1632 2067 autem
1659 2010 1718 2065 in
1746 2008 2057 2066 Pindarum
2084 2014 2139 2065 et
2179 2016 2405 2080 ceteros,
2432 2030 2568 2086 quos

402 2102 458 2157 ei
479 2099 709 2173 adjunxi
735 2104 970 2171 comites,
999 2120 1100 2159 nec
1124 2118 1236 2158 non
1258 2103 1314 2157 in
1337 2098 1660 2173 Hesiodum,
1676 2101 2020 2175 Sophoclem,
2051 2101 2396 2177 Euripidem,
2423 2104 2567 2163 AEs-

404 2193 640 2269 chyliani,
677 2195 1040 2264 Theocritum,
1072 2197 1406 2270 Oppianum,
1436 2194 1585 2255 brevi
1603 2195 1795 2252 daturi
1815 2212 1998 2252 sumus
2018 2212 2127 2251 uno
2153 2197 2444 2257 volumine.

482 2286 656 2348 Quod
702 2288 988 2346 volumen
1017 2304 1155 2345 cum
1185 2286 1321 2344 aliis
1348 2285 1484 2343 Aldi
1539 2286 1842 2345 meditatis
1884 2287 2250 2345 intercidisse
2277 2288 2570 2349 dolemus.

393 2376 471 2437 In
495 2379 791 2456 Olympiis
811 2399 950 2440 eum
975 2379 1364 2439 recentiorem
1383 2379 1673 2449 codicem,
1695 2381 1762 2437 in
1787 2378 2016 2457 Pythiis
2037 2389 2099 2438 et
2116 2379 2361 2439 Nemeis
2377 2382 2567 2460 longe

388 2474 893 2547 prestantiorem,
915 2490 1028 2532 nec
1073 2473 1277 2530 minus
1299 2480 1584 2539 veterem,
1632 2472 1736 2531 sed
1780 2480 2147 2549 corruptum,
2172 2474 2238 2532 in
2293 2472 2564 2535 Isthmiis

387 2568 743 2644 expressisse
759 2568 970 2636 videri,
986 2563 1118 2640 jam
1141 2564 1582 2643 in,praefatione
1611 2568 1840 2624 monui.

472 2656 756 2745 Πινδάρου
782 2693 866 2707 -
896 2660 1142 2739 (graece)
1192 2660 1452 2736 Impressi
1498 2678 1601 2734 per
1652 2660 1988 2718 Zachariam
2040 2658 2265 2735 Calergi
2295 2660 2408 2737 (ita
2447 2679 2560 2737 pro

550 2760 862 2839 Calliergi,
920 2755 1294 2842 Καλλιέργου
1324 2778 1362 2820 a
1390 2752 1791 2840 Καλλιέργης)
1828 2757 2134 2816 Cretensem
2182 2789 2266 2801 —
2292 2758 2357 2815 in
2388 2759 2564 2817 aedib.

548 2853 887 2931 Augustini
963 2857 1109 2914 Cisii
1143 2859 1266 2936 (τοῦ
1327 2851 1588 2925 Κασίου),
1646 2850 1916 2926 ejusdem
1966 2850 2287 2915 sumtibus,
2317 2851 2561 2909 hortatu

557 2947 828 3008 Corne'lii
861 2948 1131 3026 Benigni
1158 2952 1575 3017 viterbiensis,
1601 2966 1781 3025 opera
1828 2952 1891 3003 et
1915 2944 2216 3003 industria
2261 2944 2562 3003 Zacharia

558 3041 837 3119 Calliergi
865 3041 1191 3115 Cretensis,
1216 3051 1286 3103 ut
1312 3063 1386 3102 ex
1412 3044 1536 3102 fine
1562 3039 1940 3116 intelligitur.
1966 3036 2056 3095 Μ.
2080 3037 2335 3113 Augusti
2357 3036 2418 3095 d.
2436 3038 2565 3097 xiii.

563 3129 771 3190 neone
797 3152 858 3192 x.
882 3144 1181 3211 regnante
1205 3138 1285 3210 (a.
1315 3135 1431 3205 iii.)
1463 3134 1700 3202 Romoe,
1731 3130 1904 3189 1515.
1943 3131 2002 3188 4.

472 3222 972 3285 Praestantissima
996 3227 1201 3300 editio,
1215 3231 1280 3287 in
1308 3246 1430 3304 qua
1454 3227 1696 3287 Scholia
1721 3225 1979 3302 primurn
2007 3227 2398 3291 accesserunt,
2411 3240 2564 3299 quo·

390 3333 525 3376 rum
550 3319 771 3395 partim
815 3322 1283 3395 comparatione,
1331 3321 1549 3397 partim
1574 3318 1881 3379 codicibus
1908 3315 2189 3375 adhibitis
2237 3314 2560 3376 lectionem

362 3407 773 3469 -Pindaricam
800 3411 1080 3485 proeclare
1107 3413 1451 3492 emendavit
1477 3415 1571 3472 vir
1599 3413 1827 3471 doctus.
1907 3409 2158 3467 Codices
2202 3407 2443 3483 quidem
2489 3416 2565 3468 ut
2623 3401 2630 3420 '

332 3517 340 3530 ·
380 3501 605 3562 diserte
634 3504 974 3562 enumerati
995 3506 1142 3574 sint,
1172 3505 1392 3564 frustra
1417 3506 1635 3581 aliquis
1659 3508 1929 3579 expectet
1953 3526 1970 3572 ς
2018 3501 2118 3560 sed
2150 3502 2211 3558 in
2242 3500 2563 3578 Olympiis,

376 3593 637 3656 Nemeis
664 3605 727 3655 et
751 3596 1025 3658 Isthmiis
1068 3598 1346 3658 meliores
1372 3598 1630 3667 Aldinis‚
1657 3598 1723 3657 in
1752 3594 1983 3671 Pythiis
2010 3594 2328 3654 deteriores
2353 3594 2561 3662 fuisse,

296 3741 311 3748 -
376 3703 495 3746 usu
518 3688 1054 3765 deprehendimus.

454 3789 648 3870 Hanc
677 3793 1002 3853 editionem
1033 3798 1308 3856 omnium
1335 3783 1695 3873 reliquarum
1720 3811 1847 3853 esse
1877 3792 2158 3860 fundum,
2189 3790 2562 3868 argumentis

375 3881 720 3943 innumeris
747 3897 1021 3947 constare
1048 3891 1327 3950 vidimus.
1366 3888 1676 3966 Expressit
1703 3904 1836 3945 eam
1864 3885 2210 3951 Cratander,
2257 3881 2560 3942 Brubach.

374 3973 623 4036 Morell.
647 3978 934 4053 Stephan.
959 3981 1063 4038 sed
1091 3983 1491 4041 emendatrice
1517 3996 1706 4039 manu
1736 3978 2019 4036 adhibita.

455 4067 753 4127 Praefatio
778 4071 846 4130 in
874 4071 1205 4134 Pindarum
1235 4083 1399 4135 extat
1425 4075 1492 4133 in
1523 4072 1815 4149 Stephani
1862 4068 2042 4144 Nigri
2083 4084 2118 4126 e
2155 4083 2245 4145 gr.
2289 4067 2560 4128 translat.

360 4254 577 4305 ‘theca-
625 4275 831 4324 gruem
856 4264 1186 4314 Fabrici-nam
1208 4279 1238 4313 a
1272 4264 1338 4315 V.
1386 4266 1467 4316 Cl.
1520 4264 1688 4313 uarie·
1715 4261 2062 4332 ‘locuples-nm
2096 4263 2131 4306 t.
2173 4257 2226 4308 ii.
2263 4274 2311 4321 p.
2352 4260 2436 4307 68.
2452 4271 2559 4322 sqq.

358 4332 503 4382 viu
539 4343 700 4386 tamen
729 4349 897 4389 retest
918 4356 1029 4390 cum
1076 4340 1284 4394 oonsilio
1315 4350 1475 4391 nostro
1496 4342 1569 4390 ita
1589 4338 1867 4401 conjuncta,
1909 4344 1962 4385 ut
2000 4333 2150 4383 omitti
2175 4333 2256 4382 rix
2287 4337 2477 4396 possen
2512 4340 2562 4381 et

379 4408 699 4527 wegfftiepda
722 4429 780 4466 ae
800 4417 1090 4484 corrig-enda
1111 4426 1247 4468 erant
1266 4418 1636 4530 nonnullaaquoe
1660 4415 1815 4464 locum
1836 4426 1975 4462 suum
2000 4408 2349 4458 desiderabant.
