3175 5250
1191 398 1828 467 PRAEFATm.
2023 365 2094 407 ’·
2429 358 2440 371 ’
2509 403 2644 469 xvia

464 581 609 657 vidi
635 598 1229 685 commemorata.
1343 587 1740 662 Probabile
1775 588 2024 684 itaque
2058 585 2167 671 fit,
2197 609 2368 661 casu
2401 609 2639 669 serva-

465 703 617 768 tum
640 698 969 797 aliquem
992 699 1327 774 codicem
1353 698 1515 773 haec
1545 699 1877 797 tempora
1905 698 2443 794 attigisse-satis
2459 701 2669 787 inte-¹

460 832 704 901 grum,
739 825 815 885 et
848 800 1300 911 protractum
1333 816 1409 887 in
1445 815 1691 897 lucem
1716 839 1762 886 a
1790 814 2132 911 pluribus
2179 811 2642 908 descriptum

462 941 645 996 ωε.
751 924 1125 1024 Corrupta
1176 934 1420 1001 autem
1484 925 1719 999 multo
1775 927 2011 1022 magis
2061 924 2420 1022 Olympia
2442 937 2652 1012 sunt,

464 1055 638 1105 cum
678 1034 1152 1111 Isthmiorum
1188 1038 1365 1122 fine,
1401 1060 1628 1134 quam
1661 1034 1926 1133 Pythia
1978 1046 2052 1109 et
2082 1035 2387 1111 Nemea.
2495 1037 2645 1111 Sed

464 1155 540 1216 et
578 1145 654 1217 in
690 1149 855 1221 aliis
877 1150 1362 1247 scriptoribus
1395 1150 1538 1237 hoc
1573 1147 2162 1222 animadvertere
2191 1149 2390 1235 licet,
2425 1151 2645 1247 copia

420 1318 431 1327 .
468 1276 747 1351 magna
774 1252 1147 1334 codicum
1184 1261 1657 1356 integriorem
1696 1271 1768 1333 et
1800 1263 2185 1335 meliorem
2252 1260 2645 1334 lectionem

476 1390 626 1440 non
658 1370 869 1444 facile
919 1366 1292 1470 praestar'i;
1344 1383 1602 1447 contra
1634 1396 1676 1444 e
1712 1373 2182 1451 librariorum
2208 1381 2503 1469 stupore
2528 1374 2645 1447 vel

472 1480 851 1555 oscitantia
913 1486 1288 1558 molestam
1354 1485 1701 1559 variantis
1787 1484 2125 1558 lectionis
2206 1482 2648 1581 farraginem

478 1592 701 1678 nasci,
737 1618 993 1690 parum
1026 1608 1151 1671 aut
1206 1597 1398 1671 nihil
1432 1594 1913 1694 profuturam,
1948 1595 2079 1667 sed
2111 1594 2116 1603 ’
2147 1595 2380 1671 multo
2416 1597 2653 1691 magis

478 1701 894 1780 obfunnam
931 1709 1150 1782 etiam
1190 1709 1468 1782 criticis
1524 1707 1811 1783 studiis

571 1815 776 1896 Quot
807 1826 881 1890 et
903 1843 1093 1917 quos
1110 1819 1405 1893 codices
1441 1818 1681 1893 Aldus
1727 1827 1806 1895 et
1830 1816 2239 1892 secundum
2274 1839 2445 1891 eum
2483 1815 2662 1891 Cal-

469 1927 749 2022 liergus
803 1933 1331 2029 expresserint,
1378 1944 1530 2006 no'n
1579 1939 1882 2005 constat.
1981 1928 2140 2002 Nec
2202 1910 2474 2003 iisdem·
2527 1953 2654 2003 eos

474 2038 687 2111 libris
719 2064 850 2138 per
884 2052 1128 2116 totum
1163 2067 1353 2141 opus
1385 2066 1555 2116 usos
1586 2046 1748 2117 esse
1779 2040 2112 2139 liquido
2141 2041 2654 2137 cognovimus.

477 2148 565 2223 ln
596 2150 965 2281 Olympiis
987 2154 1231 2229 Aldus
1262 2155 1598 2233 codicem
1646 2163 2062 2231 recentem
2081 2151 2423 2227 habuisse
2456 2154 2661 2228 vide-

479 2272 621 2350 tur,
650 2268 776 2363 qui
830 2266 924 2340 ad
984 2266 1383 2341 dialectum
1438 2268 1814 2361 vulgarem
1867 2265 2188 2362 plurima
2253 2264 2664 2341 inflexisset

479 2388 551 2448 et
582 2388 957 2453 mutasset.
1059 2379 1320 2475 Longe
1364 2380 1751 2454 meliorem
1801 2377 2076 2453 librum
2144 2377 2517 2472 expressit
2578 2380 2660 2457 in

485 2487 767 2585 Pythiis
797 2493 987 2565 etin
1028 2490 1372 2566 Nemeis:
1424 2491 1680 2576 alium,
1747 2511 2070 2586 eumque
2128 2486 2303 2562 satis
2362 2512 2666 2591 corrup-

479 2623 660 2703 tum,
694 2616 779 2690 in
811 2617 1160 2692 Isthmiis.
1210 2615 1661 2714 ‘Calliergus
1691 2637 1868 2688 vero
1904 2615 1983 2688 in
2017 2614 2385 2713 Olympiis
2415 2617 2662 2692 statim

480 2729 1017 2804 emendatiores
1047 2725 1277 2804 libros
1296 2729 1662 2815 adhibuit,
1697 2727 1908 2826 plura
1961 2723 2270 2825 quoque'
2302 2751 2396 2801 ex
2436 2729 2667 2804 Scho-

482 2838 624 2926 liis',
661 2865 839 2938 quae
865 2843 1152 2940 primus
1178 2842 1544 2941 apposuit,
1572 2847 1955 2913 mutuatus
1981 2848 2111 2913 est.

588 2951 909 3040 Omnes?
938 2964 1307 3052 quotquot
1338 2953 1804 3046 Calliergum
1837 2960 2318 3047 exceperunt,
2344 2951 2666 3026 editores

493 3062 871 3141 codicibus
920 3071 1208 3168 scriptis
1274 3092 1497 3166 aequo
1536 3065 1793 3138 animo
1829 3072 2245 3140 caruerunt.
2331 3065 2669 3162 Diligen-
2760 3099 2774 3116 =

496 3168 645 3248 tior
674 3177 817 3252 fuit
863 3204 1081 3279 opera
1150 3179 1542 3267 Schmidii,
1611 3176 1988 3275 popularis
2043 3177 2297 3264 nostri,
2358 3178 2528 3266 viri,
2587 3189 2672 3252 ut

491 3299 697 3363 erant
752 3316 837 3365 ea
896 3305 1109 3370 aetate
1173 3293 1534 3377 homineS,
1598 3298 1932 3365 accurate
1994 3289 2288 3378 eruditi,
2354 3293 2487 3388 qui
2521 3301 2671 3368 tres

488 3400 863 3484 Palatinos
897 3430 993 3479 ex
1021 3403 1261 3482 Elect-
1304 3404 1535 3494 Palat.
1585 3402 2060 3486 Bibliotheca
2087 3391 2671 3500 Heidelberg-en-

488 3516 552 3588 si
598 3529 865 3591 nactus·
908 3527 1084 3605 erat,
1143 3541 1335 3615 quos
1386 3515 1545 3590 Pal.
1597 3514 1696 3587 A.
1748 3514 1843 3587 Β.
1883 3512 1976 3588 C.
2029 3513 2386 3612 insignire
2453 3515 2670 3587 solet.

494 3626 789 3704 Primus
805 3631 1408 3705 membranaceus
1424 3628 1592 3713 suit,
1615 3627 1991 3723 quantivis
2014 3625 2139 3699 ille
2165 3627 2410 3723 pretii,
2441 3647 2673 3720 quan-

489 3751 652 3815 tum
682 3743 991 3840 quidem
1018 3768 1113 3818 ex
1149 3745 1463 3818 lectione
1486 3749 1777 3815 enotata
1793 3740 2203 3836 intelligere
2237 3741 2410 3821 licet
2432 3769 2462 3822 ;-
2484 3739 2672 3811 alter

487 3877 563 3941 et
594 3868 849 3941 tertius
882 3867 1266 3954 chartacei,
1338 3877 1411 3940 et
1473 3864 1728 3961 exigui
1788 3887 1962 3937 usus
2026 3877 2103 3936 et
2167 3861 2667 3951 auctoritatis;

489 3981 750 4053 tertius
768 4005 943 4054 cum
974 3979 1255 4053 Aldino
1304 3977 1707 4075 exemplari
1755 3974 1940 4048 adeo
1997 3973 2388 4070 conspirat,
2445 3986 2530 4048 ut
2563 3976 2674 4048 in-

490 4091 784 4167 terdum
868 4092 1387 4178 dubitaverim,
1472 4115 1564 4163 an
1639 4088 1816 4161 inde
1897 4085 2375 4182 transcriptus
2460 4096 2670 4160 esset.

497 4203 788 4279 Priores
822 4206 975 4280 duo
1002 4205 1380 4303 Olympia,
1439 4203 1694 4276 tertius
1727 4199 2080 4298 Olympia
2101 4207 2176 4272 et
2206 4197 2471 4295 Pythia
2502 4222 2676 4271 con-

494 4317 799 4393 tinebat.
906 4317 1331 4415 fragmenti
1382 4313 1875 4390 Bibliothecae
1912 4312 2443 4408 'Augustanaea
2488 4310 2668 4380 Dav.

482 4431 942 4506 Hoeschelio
967 4430 1211 4506 collati
1234 4428 1450 4503 lectio
1477 4425 1575 4516 ad
1605 4447 1900 4524 parvam
1941 4422 2423 4521 Pythicorum
2457 4417 2672 4515 parti-

582 4577 591 4585 ‘
671 4588 828 4635 vox..
861 4589 911 4635 1.
1076 4625 1079 4626 γ
1603 4588 1636 4628 c
