3175 5250
509 381 597 445 xii
726 423 733 430 -
934 427 943 433 -
1314 324 1934 451 PRAEFATIO}

512 582 891 670 poetarum
945 566 1172 664 hujus
1227 567 1523 662 generis
1572 575 1855 671 servata
1901 550 2202 665 majoris
2257 574 2480 645 etiam
2535 597 2698 649 mo-

514 685 745 757 menti
779 690 973 766 sunt,
1010 677 1214 776 quod
1249 686 1325 751 et
1352 679 1714 750 sermonis
1761 679 2185 774 lyricorum,
2220 691 2294 754 et
2325 684 2686 771 met'rices,

514 805 589 868 et
642 790 1066 887 argumenti
1116 784 1213 861 ab
1254 790 1344 860 iis
1395 790 1684 861 tractati
1741 792 2043 886 vestigia
2085 787 2702 869 -subministmntj
2777 814 2788 825 ·

520 890 853 978 Collecta
906 900 1211 974 Pindari
1251 900 1691 996 Fragmenta
1720 911 1894 973 sunt
1926 903 2345 977 incredibili
2381 930 2554 980 cum
2585 907 2691 979 la-

512 1016 935 1091 boreaviro
957 1013 1405 1099 doctissime,
1434 1008 1486 1084 S
1514 1038 1555 1085 c
1581 1036 1634 1083 Η
1668 1037 1717 1085 Ν
1752 1037 1800 1084 E
1835 1037 1860 1085 1
1896 1039 1949 1088 n
1975 1038 2021 1086 r:
2052 1038 2107 1086 R
2131 1040 2205 1101 o,
2227 1025 2400 1090 ante
2424 1040 2685 1091 xxm.

514 1150 791 1214 annos,
775 1156 791 1173 ·
853 1126 1067 1199 facile
1095 1125 1190 1197 ab
1224 1148 1312 1197 eo
1348 1124 1755 1221 impetravi,
1791 1133 1875 1196 ut
1906 1126 2157 1199 liceret
2188 1151 2275 1200 ea
2306 1126 2691 1202 retractare
2714 1190 2732 1215 „

450 1270 463 1283 ·
516 1250 591 1314 et
636 1236 829 1312 huic
856 1237 1159 1321 editioni
1211 1236 1557 1321 inserere,
1612 1258 1804 1308 novo
1853 1260 2028 1311 cum
2080 1239 2428 1327 instituto,
2476 1251 2560 1313 ut
2608 1264 2695 1314 ea

516 1352 953 1426 collocarem
984 1348 1133 1421 alio
1165 1349 1423 1421 ordine
1455 1357 1528 1419 et
1560 1345 1971 1473 digererem
2020 1342 2429 1439 secundum
2466 1352 2696 1449 scrip-

514 1464 730 1550 tores,
769 1463 896 1561 qui
932 1461 1069 1534 illa
1097 1470 1525 1545 servarunt;
1587 1465 1783 1544 cu'm,
1815 1460 1876 1531 si
1915 1459 2060 1533 hoc
2095 1450 2465 1550 noval-em,
2500 1462 2698 1560 adje-

405 1616 414 1624 -
517 1588 639 1653 cto
685 1584 1040 1683 praeterea
1072 1574 1317 1647 indice
1363 1573 1826 1673 singulorum
1860 1573 2217 1665 locorum,
2266 1579 2390 1650 ita
2400 1579 2698 1652 effectu-

517 1711 685 1762 rum
710 1711 831 1761 me
856 1709 1010 1759 esse
1034 1684 1385 1770 viderem,
1414 1684 1596 1756 utin
1623 1694 1924 1779 promtu
1946 1689 2063 1774 sit,
2084 1689 2146 1760 si
2172 1712 2320 1785 qua
2344 1691 2487 1763 alia
2508 1690 2698 1786 fiag-

516 1808 766 1893 menta
790 1821 874 1870 se
897 1796 1329 1882 obtulerint,
1375 1796 1527 1867 suis
1577 1816 1667 1866 ea
1713 1795 1895 1869 locis
1945 1800 2284 1883 inserere,
2324 1801 2697 1896 simulque

522 1912 841 2009 reperire
866 1932 975 1996 ea,
1001 1931 1170 2005 quae
1194 1908 1357 2001 jam
1386 1906 1465 1977 in
1494 1900 1799 1981 recensu
1834 1907 2023 1981 facto
2051 1908 2445 1983 habentur.
2505 1910 2696 1990 Quae

518 2022 796 2097 auxilia
825 2029 903 2095 et
930 2016 1260 2109 subsidia
1289 2040 1463 2089 cum
1494 2029 1711 2091 antea
1741 2019 2119 2094 deessent.
2195 2022 2640 2118 poeuerunt
2619 2047 2697 2095 1n

525 2139 577 2209 S
609 2161 652 2208 c
688 2157 739 2207 Η
770 2156 822 2206 Ν
854 2156 902 2204 E
932 2154 960 2203 1
995 2156 1198 2204 nnn
1231 2155 1261 2202 1
1307 2131 2061 2220 recensu‘desiderari,
2090 2158 2260 2231 quae
2295 2135 2373 2206 in
2407 2158 2496 2209 eo
2522 2137 2699 2210 late-

521 2250 720 2332 bant,
750 2255 846 2317 et
891 2243 1134 2354 potuit
1171 2264 1351 2327 esse,
1387 2244 1521 2338 qui
1560 2245 2087 2339 pronuntiaret,
2123 2244 2697 2361 fragmentorum

464 2372 473 2390 ·
522 2365 802 2457 partem
862 2376 1207 2448 magnam
1272 2352 1471 2426 Son
1502 2377 2091 2429 nurus-:nun
2153 2355 2480 2450 fugisse,
2551 2358 2697 2431 vel-

524 2471 699 2544 lem
707 2490 940 2569 unum
991 2475 1065 2537 et
1112 2464 1423 2538 alterum
1463 2467 1892 2563 exemplum
1932 2469 2352 2565 appositum
2391 2468 2687 2543 fuisset.
2672 2474 2690 2521 7

526 2580 883 2656 Carmina
918 2556 1249 2663 Pindari,¹
1280 2600 1323 2650 e
1357 2578 1633 2674 quibus
1660 2576 2074 2674 fragmenta
2099 2592 2516 2679 supersunt.
2547 2606 2699 2657 me-

527 2701 810 2770 morata
856 2698 1030 2762 sunt
1076 2687 1169 2761 ad
1214 2689 1489 2790 calcem
1531 2691 1612 2763 in
1664 2690 1961 2800 Ordin'e
2010 2693 2692 2789 Fragmentorum.
2743 2687 2754 2704 ⁸

526 2807 872 2888 Quorum
901 2812 1256 2899 praeterea
1280 2802 1690 2876 carminum
1722 2804 2027 2878 nomina
2048 2828 2094 2875 a
2128 2802 2359 2874 Suida
2388 2814 2516 2876 aut
2538 2805 2698 2877 aliis

516 2925 775 2991 -notata
798 2923 988 3001 sunt,
1024 2914 1174 2988 fide
1205 2936 1359 2988 non
1393 2915 1673 3014 ubique
1703 2917 1874 2989 satis
1907 2925 2123 3006 certa,
2160 2937 2250 2987 ea
2269 2879 2503 2989 videri
2540 2941 2700 3015 pos-

424 3109 439 3130 ·
527 3039 698 3103 sunt
748 3030 826 3102 in
885 3027 1236 3101 Biblioth.
1275 3025 1409 3100 Gr.
1450 3013 2253 3101 Fabricio-Harlesiana
2281 3037 2464 3102 tom.
2499 3030 2580 3106 ii.
2618 3050 2695 3128 p.

480 3207 485 3212 .
526 3143 653 3215 78.
686 3166 798 3239 sq.
829 3139 952 3213 hic
979 3164 1067 3212 ea
1097 3161 1681 3212 commemorare
1705 3163 1893 3236 opus
1919 3163 2071 3212 non
2104 3149 2280 3213 erat.

578 3323 587 3330 ,
632 3252 742 3324 Ita
774 3271 913 3323 nec
966 3247 1255 3323 necesse
1289 3244 1464 3336 e'rat,
1518 3258 1605 3321 ut
1650 3249 1746 3322 de
1799 3251 1947 3323 vita
1999 3249 2302 3323 Pindari
2350 3252 2708 3325 sollennia

535 3361 1086 3462 praemitterem,
1113 3359 1208 3433 de
1230 3384 1382 3460 qua
1405 3385 1578 3434 cum
1603 3360 1862 3435 eadem
1888 3359 2351 3435 Bibliotheca
2372 3362 2556 3435 adiri
2579 3386 2708 3458 po-

530 3485 699 3561 test,
721 3482 880 3545 tum
905 3472 958 3544 S
977 3495 1167 3568 csuN
1189 3497 1237 3546 Ε
1259 3497 1288 3546 1
1312 3498 1364 3548 n
1382 3498 1430 3547 E
1447 3497 1497 3548 n
1520 3498 1551 3546 1
1606 3474 1901 3546 libellus
1932 3481 2154 3546 extat.
2213 3471 2333 3545 De
2365 3472 2615 3546 indole
2634 3484 2708 3547 et

454 3587 462 3596 “
528 3589 947 3664 charactere
972 3588 1320 3661 carminis
1353 3588 1561 3685 lyrici
1586 3582 1961 3662 Pindarici
1981 3593 2295 3683 egerunt
2311 3588 2528 3660 multi
2539 3595 2567 3675 ’;
2599 3589 2710 3662 in-

529 3706 641 3775 ter'
688 3721 826 3776 nos
877 3695 1181 3796 quidem
1234 3709 1401 3796 post
1454 3700 1506 3774 S
1537 3709 1742 3774 cun·
1771 3726 1820 3774 E
1853 3725 1879 3773 1
1909 3721 2109 3780 nnn
2140 3724 2275 3773 υΜ
2330 3699 2706 3798 praecipue

410 3869 415 3874 .
531 3813 579 3885 J
610 3838 663 3885 A
685 3838 727 3885 c
754 3836 802 3885 o
830 3835 879 3885 B
905 3834 939 3884 s
1009 3811 1083 3883 in
1116 3809 1376 3884 addit.
1413 3811 1527 3886 ad
1559 3811 1869 3888 Sulzeri
1902 3810 2332 3887 Theoriam‘
2365 3821 2523 3886 ort.
2563 3812 2710 3886 ele-

482 3927 755 4019 '9ant.
863 3921 1022 3996 Nec
1048 3923 1205 4020 ‚vim
1252 3922 1561 4019 lyricam
1595 3925 1985 3999 commode
2053 3926 2223 3998 satis
2277 3923 2706 3997 hominibus

533 4033 797 4104 nostris
820 4035 962 4108 nisi
994 4035 1385 4108 vernaculo
1435 4057 1772 4110 sermone
1822 4038 2094 4135 exponi
2147 4057 2362 4135 posse
2409 4034 2707 4106 arbitra-

534 4145 691 4216 bar.
797 4144 922 4232 Iis,
958 4150 1086 4244 qui
1121 4152 1424 4247 antiqua
1455 4159 1735 4236 curant,
1787 4150 2163 4225 sufficiunt
2210 4161 2385 4223 nota
2421 4148 2708 4221 Horatii

534 4261 609 4327 et
642 4252 1120 4333 Quinctiliani
1143 4261 1433 4356 judicia
1465 4285 1637 4337 cum
1663 4266 2354 4362 yrammaticorum
2383 4259 2713 4350 notitiis.
