3175 5250
1060 478 1073 487 ⁴
1150 446 1770 517 PRAEFATIO.
2329 448 2526 513 xxxix

356 652 619 712 liotheca
665 649 1025 709 Monasterii
1072 648 1216 708 Ord.
1268 647 1578 706 Benedict.
1620 647 1693 705 B.
1731 644 1942 703 Maria
1980 642 2310 702 Pindarum
2384 662 2528 703 cum

356 746 596 802 scholiis
648 745 800 803 Sec.
852 742 981 800 xiii.
1028 742 1347 816 scriptum:
1404 740 1641 798 Patavii
1687 737 2053 807 bibliotheca
2089 734 2528 795 Theatinoeum

356 837 672 915 Oiympia.
736 834 1072 897 Mediolani
1125 834 1522 891 Ambrosiam
1577 818 1810 891 codices
1866 836 2061 888 servat
2106 814 2318 889 saltem
2364 837 2524 887 tres.

353 930 611 988 obscura
638 931 794 991 euim
836 936 1001 995 sunt,
1037 942 1172 1003 quae
1199 927 1275 985 de
1315 922 1387 984 iis'
1426 927 1606 985 tradit
1645 924 2180 983 montfauconius:
2236 930 2297 980 et
2342 923 2527 981 alium

352 1023 788 1101 bombycinum
844 1030 1166 1080 recentem.
1245 1019 1517 1077 Venetiis
1548 1019 1911 1078 bibliotheca
1935 1018 2223 1075 Grimana
2252 1015 2291 1053 ἴ·
2341 1016 2528 1075 alium

353 1128 665 1174 recentem
687 1116 971 1173 aCaesare
998 1114 1273 1191 Stratego
1313 1115 1602 1188 scriptum
1636 1137 1649 1171 :
1699 1113 1877 1188 (vixit
1901 1110 2007 1169 ille
2028 1111 2227 1169 medio
2256 1111 2404 1168 Saec.
2430 1127 2528 1168 xv.

353 1207 698 1267 Montfauc.
739 1206 1035 1285 Palaeogr.
1080 1208 1185 1267 Gr.
1226 1225 1362 1285 pag.
1393 1207 1525 1280 82.)
1557 1206 1619 1265 S.
1645 1205 1836 1265 Marci
1864 1215 2068 1264 autem
2097 1222 2240 1281 opes
2261 1204 2307 1262 li
2320 1204 2531 1263 brariae

358 1303 618 1376 primum
646 1303 875 1361 habent
901 1304 1276 1361 chartaceum
1303 1310 1625 1368 recentem,
1656 1319 1776 1377 quo
1801 1300 2106 1359 rhetoricis
2129 1300 2339 1376 graecis
2367 1299 2530 1356 aliis-

359 1410 479 1469 que
492 1397 811 1470 praemissis
828 1392 1479 1467 subjiciunturPindari
1498 1395 1784 1470 Olympia
1797 1400 1857 1451 et
1873 1392 2219 1468 Pythiorum
2240 1408 2373 1466 pars
2389 1408 2528 1447 cum

363 1487 610 1545 scholiis
625 1487 878 1553 Thomae
903 1486 1177 1566 Magistri
1205 1497 1267 1546 et
1294 1488 1597 1545 Manuelis
1623 1480 2024 1561 Moscbopixli,
2045 1502 2178 1559 quae
2207 1503 2242 1541 a
2268 1483 2531 1561 vulgatis

274 1562 281 1575 ⁸
363 1592 495 1636 non
525 1578 1045 1639 diversavidentur
1060 1608 1077 1653 3
1109 1582 1233 1639 duo
1258 1583 1407 1641 alios
1430 1581 1771 1638 chartaceos
1793 1585 2056 1636 recentes
2073 1579 2215 1635 Saec.
2232 1579 2356 1634 xiv.
2382 1596 2532 1651 quo-

362 1689 499 1728 rum
521 1671 673 1729 alter
691 1673 973 1749 Olympia
990 1683 1049 1733 et
1074 1675 1286 1749 Pythia
1304 1673 1752 1748 complectitur3
1785 1679 2029 1747 quartus
2047 1670 2193 1729 Saec.
2211 1689 2315 1729 xv.
2341 1688 2532 1727 mem-

360 1765 705 1834 branaceus,
728 1811 735 1815 .
757 1767 1152 1842 Aristophane
1193 1768 1523 1843 praemisso,
1553 1765 1796 1822 Pindari
1853 1764 2155 1839 Olympia,
2208 1762 2426 1837 Pythia
2475 1771 2536 1821 et

359 1859 591 1917 Nemea
616 1878 756 1918 cum
784 1862 1029 1920 scholiis
1056 1862 1120 1919 in
1164 1863 1439 1941 margine
1468 1866 1508 1933 †
1534 1885 1552 1931 3
1617 1861 1866 1934 quintus
1915 1857 2160 1915 tandem
2213 1856 2361 1915 Soec.
2408 1858 2535 1915 xiv.

359 1952 705 2011 chartaceus
730 1970 869 2010 cum
912 1953 1203 2030 oppiano
1237 1954 1523 2029 Olympia
1565 1953 1832 2019 exhibet,
1861 1950 2102 2008 scholiis
2127 1950 2363 2018 iisdem,
2405 1958 2536 2024 qhae

356 2060 541 2119 snpra
560 2046 914 2114 memoravi,
938 2048 1364 2119 recentioribus
1391 2047 1739 2104 instructus
1818 2043 1914 2101 De
1939 2044 2157 2119 quibus
2183 2043 2542 2121 Theupolus

358 2137 661 2194 videndus
684 2142 737 2209 1.

444 2227 523 2286 In
554 2228 957 2289 Escurialensi
976 2232 1343 2290 bibliotheca
1370 2233 1718 2301 Pindarum,
1747 2251 1887 2291 cum
1910 2232 2329 2309 Lycophrona,
2354 2232 2538 2289 Com-

355 2324 673 2379 mentariis
701 2325 1086 2395 instructum,
1129 2325 1314 2384 latere
1350 2326 1854 2385 Montfauconius
1896 2334 2112 2384 narrat.
2193 2326 2546 2383 Accuratius

357 2418 582 2476 tradita
617 2426 1003 2495 expectamus
1031 2440 1069 2478 a
1095 2422 1390 2497 Michaele
1436 2423 1643 2482 Casiri.
1688 2422 1956 2497 (Codicis
1998 2422 2285 2480 Biblioth.
2328 2421 2542 2498 Regiae

351 2511 734 2572 Matritensis
757 2515 1219 2591 descriptionem
1241 2517 1407 2574 dedit
1434 2517 1642 2575 lriarte
1669 2536 1726 2593 p.
1747 2518 1892 2574 44⁵.
1918 2516 2073 2592 sqq.)
2309 2564 2314 2567 -

432 2605 699 2667 Codices
724 2608 1089 2669 Bodleianos
1115 2604 1378 2686 quinque
1419 2610 1576 2687 apud
1616 2607 1998 2669 oxonienses
2028 2605 2158 2683 jam
2183 2627 2361 2685 supra
2387 2626 2537 2666 enu-

352 2703 609 2760 meravi.
690 2701 877 2759 Nunc
905 2705 1019 2761 hoc
1045 2722 1237 2762 unum
1268 2703 1503 2770 addam,
1544 2703 1829 2761 Codicem
1874 2705 1949 2762 ab
1992 2703 2443 2762 oxoniensibus
2472 2703 2543 2758 C.

354 2791 449 2855 71.
529 2791 658 2855 Ms.
685 2798 1016 2876 signatum,
1044 2813 1172 2854 uuo
1200 2815 1338 2855 cum
1368 2797 1571 2854 codice
1599 2813 1661 2864 a,
1690 2797 1855 2854 Guil.
1886 2795 2082 2855 Laudi
2109 2815 2358 2855 munere
2389 2798 2540 2852 inter

350 3022 628 3075 Pindarum
644 3043 750 3076 cum
772 3025 972 3077 scholiis
991 3044 1100 3078 οπο.
1126 3035 1179 3077 nt
1203 3038 1390 3090 putant,
1407 3026 1507 3075 xiv.
1529 3028 1855 3092 perscriptum,
1881 3027 2175 3075 chartaceum
2199 3036 2375 3088 tamen,
2397 3042 2447 3074 se
2462 3026 2544 3075 in-

352 3102 600 3165 spexisse,
628 3104 791 3151 litteris
808 3105 920 3152 mihi
943 3106 1185 3153 mandavit
1200 3107 1246 3154 b.
1263 3104 1517 3154 Siebenkees
1533 3103 1674 3153 Febr.
1696 3120 1771 3154 xc.
1791 3103 2006 3167 scriptis5
2039 3103 2290 3152 convenire
2313 3115 2424 3151 eum
2445 3103 2543 3151 sere

351 3193 467 3226 cnm
490 3180 572 3229 ed.
612 3177 768 3229 Bait.
799 3182 1013 3247 adeoque
1034 3197 1142 3231 eum
1167 3182 1366 3232 Aldina.

418 3259 456 3291 ²·
492 3255 643 3308 Falso
676 3257 768 3306 boc
798 3260 945 3320 tradi,
974 3260 1139 3309 docuit
1172 3276 1247 3308 me
1279 3260 1566 3322 Morellius;
1610 3259 1702 3310 fuit
1731 3259 1814 3307 ille
1846 3267 2113 3308 asservatus
2129 3257 2240 3307 olim
2275 3256 2325 3307 in
2357 3256 2542 3306 Biblio-

344 3332 603 3398 thecaSS.
633 3334 717 3385 Jn.
753 3346 802 3384 et
830 3335 1019 3385 Paulli=
1063 3336 1338 3386 montfanc.
1369 3339 1420 3387 in
1453 3337 1621 3387 Diario
1653 3336 1768 3386 1101.
1803 3353 1856 3402 p.
1893 3341 1976 3386 48.
2007 3337 2126 3387 etin
2149 3336 2380 3390 Biblioth.
2416 3335 2544 3386 Mas.

343 3426 460 3477 pag.
490 3417 618 3464 479.
694 3413 930 3477 Migravit
958 3414 1071 3462 inde
1104 3414 1153 3461 in
1176 3413 1523 3463 Bibliothecam
1547 3414 1601 3469 S.
1628 3415 1801 3464 Marci.

401 3494 441 3550 †
487 3489 800 3539 Nemeorum
824 3506 920 3539 non
941 3491 1033 3539 nisi
1064 3490 1185 3539 Odae
1207 3500 1406 3553 quatuor
1425 3493 1603 3556 priores
1637 3503 1818 3542 extant.
1882 3491 2072 3543 Scholia
2093 3500 2203 3542 sunt
2221 3493 2413 3559 antiqua
2434 3509 2547 3542 auc-

340 3563 463 3614 tiora
484 3567 723 3632 vulgatis,
743 3575 867 3615 teste
889 3567 1128 3618 Motellio.

402 3650 431 3704 t
465 3645 662 3695 Omnes
688 3646 744 3694 hi
770 3646 968 3694 suerunt
987 3646 1100 3694 olim
1144 3644 1443 3695 Bessarionis
1472 3646 1618 3696 Card.
1683 3649 1900 3697 Accessit
1934 3659 2117 3713 postea,
2136 3651 2264 3715 quod
2288 3665 2361 3697 me
2383 3648 2550 3697 docuit

338 3723 608 3776 hm.
637 3725 761 3778 Jae.
794 3726 1062 3788 Mos-ellico,
1084 3728 1235 3776 codex
1269 3724 1473 3791 Strategi
1496 3726 1653 3789 paullo
1673 3739 1782 3776 ante
1811 3738 2124 3789 memoratus3
2164 3737 2292 3776 etex
2328 3727 2550 3776 biblioth.

320 3798 422 3853 ‘SS.
453 3804 542 3855 Jo.
575 3815 631 3853 et
654 3804 826 3854 Paulli
847 3803 971 3854 alius
990 3807 1099 3855 eod.
1129 3805 1281 3854 chart.
1302 3820 1409 3853 soa.
1433 3804 1529 3852 xvi.
1548 3803 1629 3866 qui
1653 3803 1880 3869 Olympia
1901 3816 1950 3853 et
1971 3806 2247 3867 Pythiorum
2270 3804 2403 3852 Odas
2425 3819 2547 3868 qua-

338 3888 447 3928 tuor
464 3882 573 3931 sine
597 3881 822 3931 Scholiis
837 3883 1074 3932 continet.
1144 3881 1395 3946 Specitaen
1439 3881 1582 3932 varia
1606 3882 1821 3930 lectionis
1854 3898 1912 3930 ex
1945 3883 2002 3932 iis
2035 3884 2176 3932 codd.
2209 3881 2407 3946 Olymp.
2445 3897 2550 3930 car-

340 3957 479 4007 minis
502 3960 733 4022 primia.
767 3975 846 4009 xc.
885 3960 944 4006 ad
969 3973 1043 4008 me
1077 3959 1204 4006 misit
1234 3960 1363 4008 idem
1388 3958 1459 4007 vir
1487 3958 1713 4022 optimus.
1746 3959 2039 4008 humanitate
2071 3960 2196 4007 inter
2229 3959 2351 4006 viros
2382 3959 2547 4007 doctos

337 4030 592 4099 insigniter
628 4038 882 4091 eminens,
912 4038 1038 4100 qnod
1076 4034 1220 4085 fldem
1255 4036 1370 4085 facit
1407 4035 1487 4098 ils,
1507 4049 1615 4099 quae
1638 4036 1699 4085 de
1720 4036 1884 4084 horum
1922 4036 2139 4085 codicum
2169 4051 2252 4083 usn
2280 4034 2547 4099 suspicatus

341 4125 487 4165 etun.
557 4115 756 4168 Docuit
780 4132 858 4165 me
879 4116 1008 4164 idem
1034 4116 1102 4165 vir
1122 4119 1308 4172 doctus,
1327 4116 1561 4166 immerito
1581 4132 1660 4166 rue
1687 4115 1933 4179 Theupolo
1968 4115 2187 4164 tribuisse
2207 4129 2417 4179 operam,
2439 4130 2546 4180 quse

338 4184 559 4314 dAngeonio
579 4191 834 4244 Zannetio
858 4201 908 4242 et
929 4192 1139 4243 Antonio
1163 4193 1525 4258 Bongiovannio
1544 4195 1597 4244 in
1616 4193 1844 4258 catalogo
1862 4193 1922 4242 M
1924 4209 1983 4242 ss.
1997 4193 2050 4241 S.
2077 4193 2230 4244 Marci
2246 4192 2543 4244 conficiendo

374 4282 401 4313 e
470 4273 564 4317 tur.
2565 4267 2570 4276 ’
