3175 5250
540 535 650 603 ii*
1322 536 1939 604 PRAEFATIO.

545 734 1010 820 gentoratum
1033 723 1331 796 abierat.
1442 721 1672 799 Erant
1701 724 1830 819 qui
1870 723 1947 796 in
1997 722 2229 820 lyrico
2265 724 2343 797 in
2395 724 2716 821 patrium

547 856 967 910 sermonem
1000 828 1495 906 convertendo
1531 832 1977 907 desudarent
2006 867 2024 921 ;
2087 837 2219 932 qui
2263 835 2569 933 quidem
2601 858 2720 908 co-

547 956 762 1022 natus
785 968 947 1017 eam
982 943 1205 1017 habet
1226 945 1647 1031 utilitatem,
1674 954 1756 1018 ut
1777 947 2008 1018 multa
2029 948 2135 1020 sic
2152 947 2421 1020 melius
2444 947 2719 1045 perspi-

540 1059 688 1131 cias
706 1080 929 1153 quam
955 1056 1271 1152 singulis
1294 1065 1577 1129 tantum
1599 1057 1781 1130 locis
1803 1081 1886 1130 ac
1908 1058 2150 1131 verbis
2169 1057 2716 1132 difficilioribus

542 1166 1153 1265 interpretandis;
1224 1168 1356 1241 etsi
1397 1167 1596 1241 idem
1641 1168 1861 1242 facile
1897 1169 2233 1243 homines
2267 1193 2355 1243 eo
2389 1169 2711 1255 adducit,

542 1288 648 1365 ut,
684 1302 812 1353 seu
870 1280 1263 1353 verborum
1311 1281 1752 1379 ambagibus
1801 1304 1927 1391 seu
1972 1284 2331 1354 sententia
2376 1283 2717 1353 universe

539 1414 902 1505 expressa,
959 1415 1068 1478 ea,
1126 1415 1300 1487 quae
1349 1390 1670 1463 obscura
1723 1403 1923 1478 sunt,
1979 1393 2415 1489 obtegantur
2471 1392 2716 1517 potius

541 1526 764 1628 quam
799 1493 1219 1600 aperiantur
1250 1512 1326 1574 et
1363 1502 1847 1578 illustrentur.
1955 1503 2400 1591 Extiterunt,
2432 1504 2560 1601 qui
2591 1513 2719 1575 aut

537 1614 865 1688 carmina
885 1614 1177 1711 singula
1196 1613 1521 1701 ederent,
1550 1624 1677 1689 aut
1703 1615 1918 1712 plura
1941 1641 2093 1689 uno
2114 1617 2493 1713 volumine
2517 1639 2715 1688 com-

539 1727 1112 1854 prehenderent,
1140 1724 1444 1820 adjectis
1465 1749 1771 1852 quoque
1797 1728 2416 1819 commentariis*.
2457 1698 2591 1798 Me
2622 1749 2718 1798 ex

536 1841 627 1913 iis
672 1840 1060 1937 profecisse
1106 1837 1446 1923 multum,
1484 1840 1558 1910 et
1602 1838 1682 1910 in
1725 1808 2000 1922 multis,
2025 1834 2132 1907 de
2166 1835 2438 1930 q'uibus
2471 1835 2716 1905 minus

537 1962 732 2027 recte
764 1963 1178 2033 statueram,
1216 1949 1648 2021 sententiam
1682 1956 2020 2033 mutasse,
2050 1945 2322 2017 merito
2345 1952 2429 2015 ac
2457 1942 2715 2013 luben-

534 2073 647 2136 ter
678 2062 1071 2169 profiteor;
1125 2064 1405 2188 utpote
1408 2061 1537 2157 qui
1562 2058 1764 2132 beari
1791 2081 1912 2130 me
1946 2058 2280 2142 sentiam,
2312 2056 2374 2129 si
2403 2080 2448 2127 a
2461 2054 2713 2150 junio-

534 2174 761 2262 ribus,
797 2172 1033 2247 multo
1059 2173 1295 2300 magis
1328 2172 1389 2244 si
1419 2197 1463 2244 a
1491 2169 1974 2244 familiaribus
1999 2178 2076 2242 et
2099 2168 2481 2266 discipulis
2505 2166 2712 2238 meis

535 2283 819 2383 aliquid
852 2285 1170 2393 proponi
1212 2276 1526 2369 videam,
1550 2280 1824 2380 '‘quod
1804 2305 1960 2381 lpse
2005 2304 2173 2354 non
2186 2278 2714 2352 animadverte-

536 2419 719 2483 ram,
779 2405 905 2470 aut
962 2388 1165 2493 quod
1230 2395 1495 2468 melius
1551 2418 1637 2466 ac
1704 2394 2045 2466 disertius
2110 2401 2484 2488 exponant
2542 2391 2709 2486 ipsi.

543 2508 739 2588 Quae
790 2508 989 2580 enim
1023 2509 1180 2580 laus
1214 2508 1451 2623 major
1472 2522 1633 2580 esse
1679 2512 1916 2602 potest
1948 2506 2216 2577 litteras
2242 2501 2472 2576 b'onas
2500 2500 2717 2599 profi-

538 2621 742 2708 tenti,
778 2646 1002 2719 quam
1035 2621 1300 2694 exiisse
1325 2645 1417 2694 ex
1438 2621 1503 2717 ej
1518 2644 1603 2694 us
1635 2618 2027 2715 disciplina
2056 2616 2265 2702 alios»,
2280 2616 2409 2714 qui
2443 2613 2536 2687 ad
2571 2638 2721 2686 ma-

528 2734 700 2829 jora
741 2736 1108 2830 progressi
1151 2736 1325 2820 sint,
1357 2743 1481 2805 aut
1511 2740 1809 2828 accepta
1839 2729 1932 2801 ad
1974 2730 2116 2803 alia
2162 2751 2410 2801 rerum
2452 2748 2723 2823 genera

539 2846 1045 2919 transtulerint
1072 2846 1100 2921 ?

640 2956 839 3029 Cum
874 2967 1121 3031 tamen
1172 2960 1251 3046 in
1290 2957 1411 3033 his
1437 2957 1767 3031 virorum
1806 2954 2198 3030 doctorum
2230 2951 2492 3027 studiis
2526 2948 2724 3024 haud

536 3063 773 3167 pauca
796 3070 1474 3156 animadverterem,
1504 3094 1677 3178 quae
1712 3068 1994 3143 sollerti
2015 3067 2260 3162 magis
2278 3071 2720 3148 commento,

544 3207 767 3279 quam
800 3186 1158 3274 sermonis
1191 3182 1416 3277 graeci
1454 3183 1742 3270 ratique
1794 3190 1866 3253 et
1899 3179 2148 3254 indole
2180 3204 2258 3253 se
2288 3175 2727 3252 tuebantur.

543 3295 780 3366 multo
816 3296 1052 3390 magis
1084 3295 1413 3368 intellexi
1448 3318 1603 3367 esse
1637 3285 2230 3368 elaborandum'
2209 3319 2286 3369 ιιι
2320 3318 2432 3378 eo,
2467 3300 2551 3362 ut
2577 3312 2734 3360 ora-

544 3405 766 3502 tionis
818 3403 1233 3480 Pindaricae
1268 3407 1421 3480 vim
1469 3415 1543 3478 et
1595 3407 1815 3478 usum
1844 3407 1983 3479 rite
2017 3424 2457 3500 assequerer,
2495 3405 2726 3492 utqu'e

545 3520 959 3592 carminum
1009 3520 1402 3594 sententias
1427 3519 1776 3615 ‘singulas
1811 3520 2004 3592 clare
2038 3540 2123 3588 ac
2153 3513 2726 3611 perspicue'ante

546 3631 800 3705 oculos
830 3645 1207 3731 ponerem,
1231 3631 1778 3729 enodaremque
1798 3627 2215 3705 difficiliora
2247 3625 2375 3711 sic,
2401 3632 2483 3695 ut
2512 3632 2586 3695 et
2620 3621 2724 3718 ly-

545 3744 723 3818 ricae
758 3744 1106 3817 orationis
1135 3744 1247 3817 vis
1273 3743 1472 3817 haud
1497 3745 2026 3817 obtunderetur
2057 3746 2131 3810 et
2161 3735 2515 3811 sententia
2564 3735 2726 3829 ipsa
2855 3785 2866 3794 -

549 3865 734 3927 esset
752 3863 1001 3951 aperta
1022 3861 1104 3928 'et
1135 3854 1502 3968 expedita.

649 3964 879 4045 Quo
857 3991 937 4042 m
963 3977 1232 4044 conatu
1236 3961 1415 4042 fieri
1447 3968 1709 4068 potuit,
1747 3962 1951 4063 quod
1985 3962 2356 4039 interdum
2387 3959 2719 4034 accidere

614 4158 947 4210 ’Reoensnm
966 4178 1127 4215 eorum
1149 4165 1274 4216 dede
1246 4181 1362 4215 ειιιιι
1331 4173 1387 4214 nt
1406 4164 1491 4213 viri
1514 4162 1645 4212 doct·
1671 4160 1841 4213 Hales
1845 4160 2026 4210 ‚Bibit
2025 4163 2126 4211 ο.ι1ι
2161 4158 2625 4225 gr.1·'nbric.v.ol

514 4237 607 4306 ·‘p.‘
627 4240 709 4287 26.
770 4235 1057 4302 Schummd,
1082 4242 1434 4306 Blankenburg
1456 4241 1508 4290 in
1553 4239 1710 4289 addit.
1752 4241 1814 4288 ad
1854 4237 2028 4288 Sulner.
2093 4238 2308 4287 Eminuit
2345 4238 2478 4286 inter
2510 4252 2609 4292 eos,
2641 4237 2726 4301 qui

551 4317 607 4365 in
629 4312 835 4363 Pindum>
855 4316 1062 4364 nuatum
1081 4319 1386 4373 conoe-runt,
1409 4319 1482 4366 vir
1497 4318 1646 4367 felicis
1663 4316 1842 4382 ingenii
1854 4327 1903 4367 et
1927 4317 2068 4367 variis
2079 4316 2305 4365 doctrine
2322 4312 2473 4379 copiis
2491 4313 2723 4375 instructi,

505 4395 524 4406 “
554 4393 644 4442 Ριι
662 4405 730 4441 u>
746 4403 957 4464 nuncu
975 4401 1019 4442 ι’
1035 4392 1320 4463 ῦιυιιι,
1339 4397 1424 4462 qui
1442 4395 1777 4466 nunp‘iiodem
1813 4395 2000 4461 litteris,
2031 4409 2150 4463 qun
2170 4393 2460 4453 excoluerat,
2493 4403 2607 4443 cur·
2639 4404 2724 4440 m

552 4471 743 4524 tuendi·
764 4478 952 4538 preest.
