3175 5250
485 444 489 457 ’
565 491 756 557 xxxiv
989 501 1001 513 ·
1304 456 1816 589 PR'AEFATI
1847 490 1931 554 0.

727 688 973 749 strando
991 690 1161 748 annis
1186 706 1431 752 xxxvii.
1458 692 1674 749 mxxix.
1702 698 1762 748 et
1785 704 2050 749 mxxxvi.
2077 704 2254 762 supra
2265 682 2758 758 jammemoravi‚

730 792 793 843 et
815 799 981 841 nunc
999 782 1214 842 iterum
1245 784 1445 844 debita
1462 802 1602 842 eum
1630 784 1810 869 laude
1827 800 2119 842 memoro.
2162 780 2293 837 Nec
2313 780 2511 837 minus
2531 797 2755 838 novam

730 875 1055 933 editionem
1085 894 1122 933 a
1149 875 1218 937 V.
1263 878 1331 935 C.
1376 877 1505 935 Chr.
1551 877 1710 934 Dan.
1740 878 1891 934 Beck
1932 882 2197 952 paratam
2239 869 2497 945 Lipsiae:
2542 869 2752 946 Olym-

730 970 965 1045 piorum
994 970 1236 1046 quidem
1266 991 1420 1033 xcu.
1440 973 1496 1034 8.
1519 991 1648 1030 una
1673 990 1809 1030 cum
1841 971 2094 1029 Scholiis
2115 977 2176 1041 et
2198 968 2374 1026 Obss.
2394 967 2524 1028 crit.
2551 976 2611 1025 et
2640 968 2756 1044 Py-

730 1062 861 1119 thia
876 1079 948 1120 ac
970 1062 1202 1122 Nemea
1224 1084 1368 1124 xcv.
1388 1084 1513 1124 una
1532 1084 1673 1124 cum
1699 1066 1973 1124 Scholiis.
2003 1063 2123 1138 [W.
2151 1063 2241 1119 Fr.
2271 1061 2469 1117 Hezela
2492 1062 2762 1119 Erwute-

731 1172 879 1230 πως
898 1159 1236 1216 αωετὶεεηεν
1249 1159 1401 1217 oden
1418 1158 1781 1236 Pindarsfar
1798 1157 2093 1235 Anflmger
2114 1156 2234 1212 und
2252 1154 2523 1228 uugeflbte
2546 1153 2760 1211 Lehrer

704 1236 831 1304 ’-.
862 1249 1034 1325 Riga.
1067 1252 1241 1310 1805.
1274 1252 1332 1311 8.
1384 1252 1542 1310 Sunt
1564 1252 1713 1311 On.
1739 1253 1799 1310 ii.
1815 1254 1894 1309 iv.
1919 1250 2075 1309 mix.
2096 1246 2180 1304 xi.
2209 1247 2314 1305 xii.
2342 1246 2464 1305 xiv,
2485 1246 2553 1304 P.
2582 1248 2621 1304 i.
2648 1245 2757 1304 ln-

736 1347 873 1413 epte
887 1347 948 1398 et
977 1344 1316 1403 alienoloco
1339 1353 1654 1422 arg-utatur
1681 1346 1743 1404 in
1770 1342 2138 1421 etymologia
2153 1356 2390 1399 vocum.
2405 1341 2759 1396 -Observa-

740 1435 914 1491 tiones
937 1436 996 1491 in
1028 1432 1277 1496 Pindari
1306 1437 1540 1497 Carmen
1570 1439 1660 1495 Ol.
1687 1440 1724 1496 i.
1761 1438 1968 1512 Progr.
2005 1433 2247 1510 Theoph.
2273 1433 2441 1494 Frid.
2493 1433 2762 1491 Welcker.

745 1529 919 1589 (ἔξεσε.
951 1531 1124 1590 1806.
1150 1564 1233 1577 -
1262 1534 1503 1593 Pindari
1528 1535 1623 1591 Ol.
1647 1536 1705 1592 ii.
1731 1533 2049 1607 illustravit
2082 1530 2167 1587 M.
2199 1528 2331 1589 Car.
2361 1529 2490 1587 Gal.
2522 1527 2761 1602 Theoph.

700 1652 714 1667 ι
748 1619 1016 1680 Camenz.
1071 1622 1279 1700 Penig.
1335 1626 1392 1685 8.
1420 1626 1540 1685 vid.
1570 1627 1761 1702 Leipz.
1791 1626 1988 1683 litter.
2016 1625 2164 1680 Zeit.
2208 1623 2377 1682 1806.
2423 1622 2557 1679 126.
2586 1622 2673 1680 St.
2700 1636 2760 1695 p.

737 1712 920 1772 2010.
975 1745 1057 1758 -—
1096 1716 1340 1776 Gai-litei
1387 1715 1651 1794 Progrr„
1702 1736 1960 1794 quorum
2016 1715 2258 1792 potiora
2309 1734 2365 1773 v.
2395 1713 2535 1772 ibid.
2563 1713 2761 1781 1807.

739 1804 840 1863 83.
870 1807 959 1864 St.
993 1807 1167 1866 1810.
1191 1827 1247 1885 p.
1292 1810 1426 1870 618.
1454 1843 1537 1855 --
1571 1811 1861 1868 Villoisoni
1889 1809 2064 1866 Notoe
2089 1814 2146 1863 et
2182 1806 2500 1865 Emendatt.
2527 1823 2586 1862 v.
2608 1804 2762 1860 Acta

738 1896 1030 1957 Seminar.
1054 1898 1188 1975 Lip.
1216 1903 1257 1958 i.
1301 1904 1351 1959 l.
1375 1920 1437 1977 p.
1465 1903 1606 1959 232.
1640 1935 1723 1945 —
1773 1903 1989 1960 Uebers.
2015 1920 2067 1959 v.
2087 1898 2295 1961 Falzse.
2321 1899 2358 1955 2
2411 1898 2547 1955 Bae.
2584 1896 2755 1954 1804.

746 1991 921 2049 1806.
949 2010 1006 2048 v.
1032 1993 1161 2049 Jen.
1196 1994 1268 2048 A.
1292 1994 1360 2049 L.
1388 1995 1456 2050 Z.
1493 1993 1666 2051 1808.
1692 1991 1769 2050 N.
1798 1995 1898 2052 33.
1941 1995 2049 2053 Ex
2076 1998 2110 2049 ‚S
2125 1993 2353 2068 chedia]

660 2081 725 2139 Si
752 2080 851 2138 hic
900 2082 976 2139 de
1004 2101 1065 2138 re
1090 2082 1331 2139 libraria
1353 2092 1648 2160 ageretur,
1680 2103 1805 2143 non
1845 2085 1919 2142 de
1947 2087 2187 2144 critica:
2233 2081 2523 2142 laudandi
2552 2086 2753 2139 essent

458 2188 463 2199 ¹
580 2173 713 2233 etii
738 2172 948 2239 libelli,
976 2174 1194 2246 quibus
1224 2177 1445 2248 passim
1475 2177 1701 2235 inserta
1729 2185 1867 2235 sunt
1910 2178 2159 2256 singula
2181 2175 2450 2235 carmina
2478 2172 2758 2231 Pindari-

582 2282 671 2323 ca.
780 2265 878 2321 Sic
902 2265 1396 2331 InstitutIOnibus
1421 2268 1524 2326 Gr.
1548 2269 1618 2326 L.
1650 2267 2079 2335 Clenardiode
2109 2271 2301 2347 prima
2330 2268 2582 2343 repetita
2640 2265 2758 2342 (ed.

587 2356 868 2434 Sylburg.
892 2358 1015 2417 Frf.
1045 2359 1305 2418 Wechel.
1339 2362 1513 2421 1598.
1540 2380 1602 2438 p.
1631 2362 2061 2440 411².)01ymp.
2091 2367 2129 2423 i.
2157 2363 2336 2440 Pyth.
2361 2363 2464 2419 vii.
2489 2361 2673 2419 Nem.
2702 2360 2766 2417 ii.

582 2451 797 2510 Isthm.
825 2452 908 2510 iii.
932 2453 993 2509 in
1030 2453 1234 2511 Vorstii
1261 2444 1407 2513 vett.
1438 2473 1636 2531 poem.
1663 2473 1756 2534 gr.
1785 2456 2034 2531 select.;
2080 2459 2266 2516 item:
2310 2455 2444 2513 Ode
2486 2454 2661 2511 tertia
2700 2453 2763 2509 in

588 2544 917 2603 Hieronem
966 2565 1001 2602 a
1027 2546 1153 2605 Jac.
1184 2546 1406 2606 Laurea
1435 2550 1697 2607 carmine
1723 2550 1970 2620 donata,
1998 2550 2072 2608 ad
2119 2550 2341 2607 calcem
2371 2545 2603 2604 AEliani
2625 2543 2765 2601 Var.

588 2638 752 2697 Hist.
780 2640 966 2697 latine
989 2641 1064 2698 ab
1093 2641 1302 2700 eodem
1325 2657 1652 2712 vei-sarum,
1675 2643 1826 2703 Ven.
1856 2663 1949 2720 ap.
1984 2645 2173 2703 Gabr.
2204 2643 2463 2701 Jolitum
2507 2639 2677 2697 1550.
2701 2639 2761 2697 8.

602 2733 790 2791 Gottlz.
823 2731 1030 2791 Erdm.
1076 2734 1279 2794 Laberi
1306 2735 1672 2794 Exercitatio
1715 2738 1923 2795 critica
1952 2739 2014 2796 in
2037 2736 2285 2796 Pindari
2313 2735 2764 2810 Olympicarum

589 2823 765 2881 Oden
789 2826 869 2882 xi.
897 2824 1034 2882 Jen.
1074 2828 1245 2888 1744.
1271 2846 1389 2905 qua
1418 2829 1622 2906 paullo
1646 2832 1982 2902 contortior
2007 2847 2294 2890 versuum
2325 2830 2654 2903 primorum
2682 2828 2765 2882 is-

588 2917 715 2975 tius
735 2917 1017 2975 carminis
1043 2921 1452 2998 interpretatio
1476 2922 1731 2982 affertur.
1772 2922 1868 2980 De
1895 2923 1962 2983 P.
1995 2923 2147 2982 Odia
2175 2917 2534 2993 conjecturae
2557 2918 2636 2976 D.
2668 2918 2761 2977 Jo.

591 3011 811 3087 aloysii
834 3012 1177 3086 Miugarelli.
1263 3016 1508 3077 Bonon.
1540 3015 1691 3078 1773
1721 3015 1782 3074 *.
1844 3016 2004 3075 Sunt
2052 3016 2209 3074 forte
2249 3014 2386 3081 alia,
2429 3031 2584 3088 quae,
2614 3011 2759 3071 dum

593 3104 725 3163 haec
741 3104 1164 3177 scribebamus,
1189 3110 1494 3168 memoriae
1523 3128 1641 3167 non
1657 3110 2085 3169 succurrebant
2109 3132 2123 3167 ε
2153 3117 2222 3167 ut
2235 3106 2769 3167 DammiiLexicon

595 3197 1355 3261 Homerico-Pindaricum.
1411 3202 1607 3259 Berol.
1659 3204 1727 3265 17
1733 3203 1828 3260 65.
1884 3221 2036 3279 opus
2064 3201 2352 3261 Herculei
2405 3201 2657 3275 laboris;
2700 3202 2764 3260 in

599 3310 718 3369 qno
745 3293 976 3350 utinam
1005 3291 1321 3352 Pindarica
1349 3309 1617 3351 seorsum
1646 3295 1724 3350 ab
1752 3294 2095 3354 Homericis
2124 3297 2434 3371 vulgasset
2459 3295 2473 3352 !

680 3384 768 3443 Ut
790 3387 1090 3446 versiones
1130 3385 1339 3443 saltem
1359 3385 1541 3442 verbo
1552 3387 1875 3462 attingam,
1891 3390 2198 3466 integrum
2217 3388 2540 3445 Pindarum
2557 3389 2764 3446 latini·

603 3485 725 3537 tate
750 3481 978 3556 primus
1005 3477 1258 3536 donavit
1287 3478 1385 3537 Jo.
1417 3476 1745 3548 Lon-iceras,
1776 3480 1888 3537 sub
1916 3499 2064 3539 ann.
2103 3482 2279 3538 1528.
2330 3480 2470 3537 hinc
2500 3497 2576 3536 ex
2603 3478 2768 3539 Phil.

602 3572 1044 3633 Melanchthonis
1088 3570 1307 3628 scholis
1336 3567 1637 3628 Peucerus
1664 3572 1941 3649 vulgavit
1971 3593 2031 3632 a.
2074 3574 2245 3631 1556.
2326 3570 2640 3629 Meliorem
2669 3570 2764 3627 in-

602 3664 1086 3745 terpretationem
1114 3664 1289 3720 Henr.
1320 3661 1648 3738 Stephanus
1694 3665 1878 3736 dedit,
1924 3668 2000 3726 ad
2022 3668 2297 3736 verbum,
2327 3671 2396 3722 ut
2422 3664 2552 3740 ipse
2574 3663 2678 3732 ait,
2708 3670 2771 3720 et

602 3768 673 3819 nt
693 3754 1098 3828 Philippinam
1129 3755 1192 3811 in
1214 3755 1537 3815 consilium
1563 3769 1804 3819 vocaret
1830 3784 1845 3819 ε
1887 3779 2021 3820 eam
2044 3760 2393 3819 emendavit
2413 3758 2479 3814 in
2504 3756 2768 3815 editione

604 3849 811 3916 altera,
838 3844 1003 3904 unde
1029 3845 1095 3902 in
1124 3847 1378 3924 reliquae
1404 3851 1536 3911 edd.
1564 3852 1758 3913 finxit.
1833 3853 2108 3912 Eandem
2133 3860 2617 3931 recognoverunt
2655 3849 2771 3907 AE-

669 4034 699 4065 *
721 4033 811 4082 11¹0
833 4042 1060 4096 ῑΘΦΡΟΙῈ,
1080 4051 1173 4102 quo
1216 4041 1306 4091 ina
1343 4046 1622 4102 scribebam.
1642 4043 1830 4093 nomine
1872 4050 2052 4090 tantum
2076 4052 2126 4090 et
2145 4043 2271 4090 sama
2293 4050 2439 4089 notas.
2500 4037 2616 4086 Mox
2644 4052 2777 4096 vero,

606 4127 712 4164 eum
736 4125 818 4160 eas
836 4108 1039 4160 lectione
1062 4125 1114 4164 et
1134 4134 1219 4168 usn
1242 4121 1588 4185 cognovissem,
1606 4122 1729 4170 inter
1767 4117 2175 4181 praestantissimos
2190 4118 2259 4168 rei
2304 4115 2509 4165 metrice
2531 4114 2777 4179 magistros

606 4189 1139 4321 Mllngfltrenumfilabere
1159 4203 1303 4267 coepi.
1338 4201 1520 4253 Curata
1540 4208 1615 4251 est
1634 4199 1835 4266 diligens
1855 4195 1959 4262 ejus
1983 4211 2189 4248 censura
2208 4197 2259 4247 in
2280 4194 2519 4262 Philolog.
2546 4192 2776 4245 Biblioth.

610 4283 670 4321 vo
694 4306 707 4322 .
767 4303 783 4322 .
802 4283 913 4336 pag.
1039 4307 1054 4324 .
1081 4279 1227 4329 1⁷⁷4.
